@string{cgf = {Computer Graphics Forum}}
@string{cviu = {Computer Vision Image Understanding}}
@string{cvpr = {Computer Vision and Pattern Recognition}}
@string{iccv = {International Conference on Computer Vision}}
@string{icra = {International Conference on Robotics and Automation}}
@string{ijcv = {International Journal of Computer Vision}}
@string{pami = {Trans. on Pattern Analysis and Machine Intelligence}}
@string{sgp = {Computer Graphics Forum (Proc. of the Symposium on Geometry Processing)}}
@string{sgp_pre = {Proc. of the EG/SIGGRAPH Symposium on Geometry Processing}}
@string{sca = {Proc. of the EG/SIGGRAPH Symposium on Computer Animation}}
@string{sig = {ACM Trans. Graph. (Proc. SIGGRAPH)}}
@string{sig_pre_03 = {Proc. of ACM SIGGRAPH}}
@string{sig_pre_93 = {Computer Graphics (Proc. SIGGRAPH)}}
@string{siga = {ACM Trans. Graph. (Proc. SIGGRAPH Asia)}}
@string{tit = {IEEE Trans. Inf. Theory}}
@string{tog = {ACM Trans. Graph.}}
@string{tsp = {IEEE Trans. Signal Process.}}
@string{tvcg = {Trans. on Visualization and Computer Graphics}}
@string{uist = {Proc. of the Symposium on User Interface Software and Technology}}
@string{eccv = {Proc. of the European Conference on Computer Vision}}
@string{eg = {Computer Graphics Forum (Proc. Eurographics)}}
@string{nips = {Proc. Neural Information Processing Systems}}
@string{ivc = {Proc. Image and Vision Computing}}
@string{i3d = {Proc. of the Symposium on Interactive 3D Graphics and Games}}
@string{chi ={Proc. ACM Special Interest Group on Computer-Human Interaction (CHI)}}

@book{facs,
    title={{Facial Action Coding System}},
    author={Ekman, Paul and Friesen, Wallace V},
    year={1977},
    publisher={Consulting Psychologists Press, Stanford University, Palo Alto}}
    
@book{hunt1978kinematic,
	title={Kinematic geometry of mechanisms},
	author={Hunt, Kenneth Henderson},
	year={1978},
	publisher={Oxford University Press, USA}}
	
@book{maybeck1979stochastic,
    title={Stochastic models, estimation, and control},
    author={Maybeck, Peter S},
    year={1979},
    publisher={Academic press}}
	
@book{optimal,
    title={Optimal filtering},
    author={Brian Anderson and John Moore},
    publisher={Englewood Cliffs},
    year={1979}}

@inproceedings{thalmann_gi88,
	Author = {Magnenat-Thalmann, N. and Laperri\`{e}re, R. and Thalmann, D.},
	Title = {Joint-dependent local deformations for hand animation and object grasping},
	Booktitle = gi,
	Year = {1988}}
	
@conference{bloomenthal1991convolution,
    title={Convolution surfaces},
    author={Bloomenthal, Jules and Shoemake, Ken},
    booktitle=sig_pre_93,
    year={1991}}
    
@conference{medJoint,
	title={The axes of rotation of the thumb carpometacarpal joint},
	author={Hollister, Anne and Buford, William L and Myers, Loyd M and Giurintano, David J and Novick, Andrew},
	booktitle={Journal of Orthopaedic Research},
	year={1992}}

@inproceedings{bell1993iterated,
  title={The iterated Kalman filter update as a Gauss-Newton method},
  author={Bell, Bradley M and Cathey, Frederick W},
  booktitle={IEEE Trans. on Automatic Control},
  year={1993}}
    
@conference{rehg1994tracking,
    author = {Rehg, James M. and Kanade, Takeo},
    title = {Visual Tracking of High DOF Articulated Structures: An Application to Human Hand Tracking},
    booktitle = eccv,
    year = {1994}}

@inproceedings{bellaire1995new,
    title={New nonlinear iterated filter with applications to target tracking},
    author={Bellaire, R Louis and Kamen, Edward W and Zabin, Serena M},
    booktitle={SPIE Intl. Symposium on Optical Science, Engineering, and Instrumentation},
    year={1995}}

@conference{chan1995weighted,
	title={A weighted least-norm solution based scheme for avoiding joint limits for redundant joint manipulators},
	author={Chan, Tan Fung and Dubey, Rajiv V},
	booktitle={IEEE Trans. on Robotics and Automation},
	year={1995}}
    
@book{welch1995introduction,
    title={An introduction to the Kalman filter},
    author={Welch, Greg and Bishop, Gary}, 
    year={1995}}
    
@book{bloomenthal1997book,
    Author = {Jules Bloomenthal and Chandrajit Bajaj and Jim Blinn and Marie-Paule Cani and Alyn Rockwood and Brian Wyvill and Geoff Wyvill},
    Publisher = {Morgan Kaufmann},
    Title = {{Introduction to Implicit Surfaces}},
    Year = {1997}}
    
@conference{blanz1999morphable,
    title={A morphable model for the synthesis of 3D faces},
    author={Blanz, Volker and Vetter, Thomas},
    booktitle=sig_pre_03,
    year={1999}}
    
@article{mocapsurvey,
     author = {Welch, Greg and Foxlin, Eric},
     title = {Motion Tracking: No Silver Bullet, but a Respectable Arsenal},
     journal = {IEEE Comput. Graph. Appl.},
     year = {2002}}
     
@conference{welch2002motion,
	title={Motion tracking survey},
	author={Welch, Greg and Foxlin, Eric},
	booktitle={{IEEE Computer Graphics and Applications}},
	year={2002}}
     
@conference{albrecht2003construction,
    title={Construction and animation of anatomically based human hand models},
    author={Albrecht, Irene and Haber, J{\"o}rg and Seidel, Hans-Peter},
    booktitle=sca,
    year={2003}}
    
@conference{elkoura2003handrix,
	title={Handrix: animating the human hand},
	author={ElKoura, George and Singh, Karan},
	booktitle=sca,
	year={2003}}

@article{fua2003soft,
    title={Articulated soft objects for multi-view shape and motion capture},
    author={Ralf Plankers and Pascal Fua},
    journal=pami,
    year={2003}}
    
@conference{Kobbelt03,
	journal = cgf,
	title = {{Freeform Shape Representations for Efficient Geometry Processing}},
	author = {Kobbelt, Leif},
	year = {2003}}
    
@conference{buss2004introduction,
	title={Introduction to inverse kinematics with jacobian transpose, pseudoinverse and damped least squares methods},
	author={Buss, Samuel R},
	booktitle={IEEE Journal of Robotics and Automation},
	year={2004}}
	    
@article{teran_tvcg05,
	Author = {Teran, Joseph and Sifakis, Eftychios and Blemker, Silvia S. and Ng-Thow-Hing, Victor and Lau, Cynthia and Fedkiw, Ronald},
	Journal = tvcg,
	Title = {Creating and Simulating Skeletal Muscle from the Visible Human Data Set},
	Year = {2005}}
    
@article{phung_pami05,
	Author = {Phung, Son Lam and Bouzerdoum Sr, A and Chai Sr, D},
	Title = {Skin Segmentation Using Color Pixel Classification: Analysis and Comparison},
	Journal = pami,
	Year = {2005}}
	
@book{nocedal2006numerical,
	title={Numerical optimization},
	author={Nocedal, Jorge and Wright, Stephen},
	year={2006},
	publisher={Springer}}
	
@article{olson2006eg,
    author = {Matt Olson and Hao Zhang},
    title = {Silhouette Extraction in Hough Space},
    journal = eg,
    year = 2006}

@conference{rhee2006human,
	title={Human hand modeling from surface anatomy},
	author={Rhee, Taehyun and Neumann, Ulrich and Lewis, John P},
	booktitle={Proc. Symposium on Interactive 3D graphics and games},
	year={2006}}    
	
@conference{erol2007vision,
	title={Vision-based hand pose estimation: A review},
	author={Erol, Ali and Bebis, George and Nicolescu, Mircea and Boyle, Richard D and Twombly, Xander},
	booktitle={Computer Vision and Image Understanding},
	year={2007}}
	
@conference{sorkine2007arap,
    author = {Sorkine, Olga and Alexa, Marc},
    title = {As-rigid-as-possible Surface Modeling},
    booktitle = sgp_pre,
    year = {2007}}
	
@article{dipietro2008survey,
    title={A survey of glove-based systems and their applications},
    author={Dipietro, Laura and Sabatini, Angelo M and Dario, Paolo},
    journal={IEEE Transactions on Systems, Man, and Cybernetics},
    year={2008}}

@article{kavan_sig08,
	Author = {Kavan, Ladislav and Collins, Steven and \v{Z}\'{a}ra, Ji\v{r}\'{\i} and O'Sullivan, Carol},
	Title = {Geometric skinning with approximate dual quaternion blending},
	Journal = sig,
	Year = {2008}}

@inproceedings{pellegrini_08,
title={A Generalisation of the ICP Algorithm for Articulated Bodies.},
    author={Pellegrini, Stefano and Schindler, Konrad and Nardi, Daniele},
    booktitle={Proc. of the British Machine Vision Conference},
    organization={Citeseer},
    year={2008}}
    
@book{petersen2008matrix,
    title={The matrix cookbook},
    author={Petersen, Kaare Brandt and Pedersen, Michael Syskind and others},
    publisher={Technical University of Denmark},
    year={2008}}
    
@article{vlasic_sig08,
	Author = {Daniel Vlasic and Ilya Baran and Wojciech Matusik and Jovan Popovi\'{c}},
	Journal = sig,
	Title = {Articulated mesh animation from multi-view silhouettes},
	Year = {2008}}

@article{wang2009colorglove,
	Author = {Robert Y. Wang and Jovan Popovic},
	Journal = SIG,
	Title = {Real Time Hand Tracking with a Colored Glove},
	Year = {2009}}	
    
 @article{hasler_eg09,
	Author = {N. Hasler and C. Stoll and M. Sunkel and B. Rosenhahn and H.-P. Seidel},
	Journal = eg,
	Title = {A Statistical Model of Human Pose and Body Shape},
	Year = {2009}}

@book{botsch2010polygon,
	title={Polygon mesh processing},
	author={Botsch, Mario and Kobbelt, Leif and Pauly, Mark and Alliez, Pierre and L{\'e}vy, Bruno},
	year={2010},
	publisher={CRC press}}

@conference{plagemann_icra10,
    title={Real-time identification and localization of body parts from depth images},
    author={Plagemann, Christian and Ganapathi, Varun and Koller, Daphne and Thrun, Sebastian},
    booktitle=icra,
    year={2010},
    organization={IEEE}}
    
@book{quarteroni2010numerical,
	title={Numerical mathematics},
	author={Quarteroni, Alfio and Sacco, Riccardo and Saleri, Fausto},
	year={2010},
	publisher={Springer Science \& Business Media}}
    
%%%%%%%%%%%%%%%%%%%%%%%%%%%%%%%%%%%%%%%%%%%%

@article{delagorce2011model,
    title={Model-based {3D} hand pose estimation from monocular video},
    author={de La Gorce, Martin and Fleet, David J and Paragios, Nikos},
    journal=pami,
    year={2011}}
    
@conference{girshick_iccv11,
	Author = {Girshick, Ross and Shotton, Jamie and Kohli, Pushmeet and Criminisi, Antonio and Fitzgibbon, Andrew},
	booktitle = ICCV,
    organization={IEEE},
	Title = {Efficient regression of general-activity human poses from depth images},
	Year = {2011}}
	
@conference{jacobson2011stretchable,
    title={Stretchable and twistable bones for skeletal shape deformation},
    author={Alec Jacobson and Olga Sorkine},
    booktitle=tog,
    year={2011}}
    
@conference{kinfu,
    title={KinectFusion: Real-time 3D reconstruction and interaction using a moving depth camera},
    author={Izadi, Shahram and Kim, David and Hilliges, Otmar and Molyneaux, David and Newcombe, Richard and Kohli, Pushmeet and Shotton, Jamie and Hodges, Steve and Freeman, Dustin and Davison, Andrew and others},
    booktitle=uist,
    year={2011}}
    
@article{mittal_11,
	Author = {Mittal, A. and Zisserman, A. and Torr, P.H.S.},
	Journal = {Proc. British Machine Vision Conference},
	Title = {Hand detection using multiple proposals},
	Year = {2011}}
	
@conference{newcombe2011kinfu,
    Author = {Newcombe, Richard A. and Izadi, Shahram and Hilliges, Otmar and Molyneaux, David and Kim, David and Davison, Andrew J. and Kohli, Pushmeet and Shotton, Jamie and Hodges, Steve and Fitzgibbon, Andrew},
    Booktitle = {IEEE International Symposium on Mixed and Augmented Reality (ISMAR)},
    Title = {KinectFusion: Real-Time Dense Surface Mapping and Tracking},
    Year = {2011}}

@conference{oiko2011hand,
	Author = {Oikonomidis, Iason and Kyriazis, Nikolaos and Argyros, Antonis A},
	Booktitle = bmvc,
	Title = {Efficient model-based {3D} tracking of hand articulation using kinect},
	Year = {2011}}

@conference{oiko_iccv11,
	Author = {Oikonomidis, Iasonas and Kyriazis, Nikolaos and Argyros, Antonis A},
	Booktitle = ICCV,
	Title = {Full {DOF} tracking of a hand interacting with an object by modeling occlusions and physical constraints},
	organization={IEEE},
    Year = {2011}}
    
@incollection{pons2011model,
	title={Model-based pose estimation},
	author={Gerard Pons-Moll and Bodo Rosenhahn},
	booktitle={Visual analysis of humans: Looking at People},
	year={2011},
	publisher={Springer}}	

@conference{shotton_cvpr11,
	Author = {Shotton, J. and Fitzgibbon, A. and Cook, M. and Sharp, T. and Finocchio, M. and Moore, R. and Kipman, A. and Blake, A.},
	Booktitle = cvpr,
    organization={IEEE},
	Title = {Real-time human pose recognition in parts from single depth images},
    Year = {2011}}

@article{wang_uist11,
	Author = {Robert Y. Wang and Sylvain Paris and Jovan Popovic},
	Title = {{6D} Hands: Markerless Hand Tracking for Computer Aided Design},
	Journal = uist,
	Year = {2011}}	

@conference{weise2011realtime,
    title={Realtime performance-based facial animation},
    author={Weise, Thibaut and Bouaziz, Sofien and Li, Hao and Pauly, Mark},
    booktitle=sig,
    year={2011}}
	
%%%%%%%%%%%%%%%%%%%%%%%%%%%%%%%%%%%%%%%%%%%%

@conference{ballan2012multicam,
	author = "Luca Ballan and Aparna Taneja and Juergen Gall and Luc Van Gool and Marc Pollefeys",
	title = "Motion Capture of Hands in Action using Discriminative Salient Points",
	booktitle = eccv,
	year = "2012"}

@article{Bouaziz_sgp12,
	author = {Bouaziz, Sofien and Deuss, Mario and Schwartzburg, Yuliy and Weise, Thibaut and Pauly, Mark},
	title = {Shape-Up: Shaping Discrete Geometry with Projections},
	journal = sgp,
	year = {2012}} 
	
@conference{diogo2012evolution,
	title={Evolution and homologies of primate and modern human hand and forearm muscles, with notes on thumb movements and tool use},
	author={Diogo, Rui and Richmond, Brian G and Wood, Bernard},
	booktitle={Journal of human evolution},
	year={2012}}

@article{felzenszwalb_12,
	Author = {Felzenszwalb, Pedro F and Huttenlocher, Daniel P},
	Journal = {Theory of Computing},
	Nickname = {Linear time distance transform},
	Title = {Distance Transforms of Sampled Functions},
	Year = {2012}}
	
@inproceedings{ganapathi_eccv12,
	Author = {Ganapathi, Varun and Plagemann, Christian and Koller, Daphne and Thrun, Sebastian},
	Booktitle = ECCV,
	Pages = {738-751},
	Publisher = {Springer},
	Title = {Real-Time Human Pose Tracking from Range Data},
	Year = {2012}}

@inproceedings{Hoyet_i3d12,
    author = {Hoyet, Ludovic and Ryall, Kenneth and McDonnell, Rachel and O'Sullivan, Carol},
    title = {Sleight of Hand: Perception of Finger Motion from Reduced Marker Sets},
    booktitle = i3d,
    year = {2012}}

@conference{hubert2012convolution,
	title={Convolution surfaces based on polygonal curve skeletons},
	author={Hubert, Evelyne and Cani, Marie-Paule},
	booktitle={Journal of Symbolic Computation},
	year={2012}}

@conference{keskin2012hand,
    title={Hand pose estimation and hand shape classification using multi-layered randomized decision forests},
    author={Keskin, Cem and K{\i}ra{\c{c}}, Furkan and Kara, Yunus Emre and Akarun, Lale},
    booktitle=eccv,
    year={2012}}
    
@article{kim2012digits,
	Author = {Kim, David and Hilliges, Otmar and Izadi, Shahram and Butler, Alex D and Chen, Jiawen and Oikonomidis, Iason and Olivier, Patrick},
	Journal = uist,
	Title = {Digits: freehand 3D interactions anywhere using a wrist-worn gloveless sensor},
	Year = {2012}}

@conference{oiko_cvpr12,
	Author = {Oikonomidis, Iasonas and Kyriazis, Nikolaos and Argyros, Antonis A},
	Booktitle = cvpr,
    organization={IEEE},
	Title = {Tracking the articulated motion of two strongly interacting hands},
	Year = {2012}}

@conference{priscariu_ijcv12,
	Author = {Victor A. Prisacariu and Ian D. Reid},
	Booktitle = ijcv,
	Title = {PWP3D: Real-time Segmentation and Tracking of {3D} Objects},
	Year = {2012}}

@conference{schroeder_12,
	Author = {Schr{\"o}der, Matthias and Elbrechter, Christof and Maycock, Jonathan and Haschke, Robert and Botsch, Mario and Ritter, Helge},
	Booktitle = {International Conference on Humanoid Robots (Humanoids)},
	Title = {Real-Time Hand Tracking with a Color Glove for the Actuation of Anthropomorphic Robot Hands},
	Year = {2012}}	
	
@inproceedings{strasdat2012visual,
    title={Visual SLAM: why filter?},
    author={Strasdat, Hauke and Montiel, Jos{\'e} MM and Davison, Andrew J},
    booktitle={Image and Vision Computing},
    year={2012}}
	
@conference{straka2012simultaneous,
    title={Simultaneous shape and pose adaption of articulated models using linear optimization},
    author={Straka, Matthias and Hauswiesner, Stefan and R{\"u}ther, Matthias and Bischof, Horst},
    booktitle=eccv,
    year={2012}}
    
@conference{transtrum2012improvements,
	title={Improvements to the Levenberg-Marquardt algorithm for nonlinear least-squares minimization},
	author={Transtrum, Mark K and Sethna, James P},
	booktitle={arXiv preprint arXiv:1201.5885},
	year={2012}}

@article{wei_siga12,
	Author = {Wei, Xiaolin and Zhang, Peizhao and Chai, Jinxiang},
	Journal = SIGA,
	Title = {Accurate Realtime Full-body Motion Capture Using a Single Depth Camera},
	Year = {2012}}
	
@conference{xu2012mems,
	title={MEMS accelerometer based nonspecific-user hand gesture recognition},
	author={Xu, Ruize and Zhou, Shengli and Li, Wen J},
	booktitle={IEEE sensors journal},
	year={2012}}

@conference{zhao2012marker,
	Author = {Zhao, Wenping and Chai, Jinxiang and Xu, Ying-Qing},
	Booktitle = sca,
	Title = {Combining Marker Based Mocap and RGB-D Camera for Acquiring High-fidelity Hand Motion Data},
	Year = {2012}}

%%%%%%%%%%%%%%%%%%%%%%%%%%%%%%%%%%%%%%%%%%%%	

@article{ando2013liquid,
    author={Ryoichi Ando and Nils Th\"urey and Wojtan, Chris},
    title={Highly Adaptive Liquid Simulations on Tetrahedral Meshes},
    journal = sig,
    year = {2013}}

@conference{ballan2013salient,
	Author = {Ballan, Luca and Taneja, Aparna and Gall, J{\"u}rgen and Van Gool, Luc and Pollefeys, Marc},
	booktitle = eccv,
	Title = {Motion Capture of Hands in Action using Discriminative Salient Points},
	Year = {2012}}
	
@article{bouaziz2013online,
	Author = {Bouaziz, Sofien and Wang, Yangang and Pauly, Mark},
	Journal = sig,
	Title = {Online modeling for realtime facial animation},
	Year = {2013}}

@article{bouaziz_sgp13,
	Author = {Bouaziz, Sofien and Tagliasacchi, Andrea and Pauly, Mark},
	journal = sgp,
	Title = {Sparse Iterative Closest Point},
	Year = {2013}}

@article{bouaziz_sig13,
    author = {Bouaziz, Sofien and Wang, Yangang and Pauly, Mark},
    title = {Online Modeling for Realtime Facial Animation},
    journal = sig,
    year = {2013}}

@article{chen_13,
    author={Chen, Lulu and Wei, Hong and Ferryman, James},
    title={A Survey of Human Motion Analysis Using Depth Imagery},
    journal={Pattern Recognition Letters},
    year={2013}}

@conference{li_sig13,
	Author = {Hao Li and Jihun Yu and Yuting Ye and Chris Bregler},
	booktitle = sig,
	Title = {Realtime Facial Animation with On-the-fly Correctives},
	Year = {2013}}
	
@conference{melax2013dynamics,
    title={Dynamics based 3D skeletal hand tracking},
    author={Melax, Stan and Keselman, Leonid and Orsten, Sterling},
    booktitle={Proc. of Graphics Interface},
    year={2013}}

@article{romero_13,
    author = {Javier Romero and Hedvig Kjellström and Carl Henrik Ek and Danica Kragic},
    title = {Non-parametric hand pose estimation with object context},
    journal = ivc,
    year = {2013}}
    
conference{schroder2013analysis,
    title={Analysis of hand synergies for inverse kinematics hand tracking},
    author={Schr{\"o}der, Matthias and Maycock, Jonathan and Ritter, Helge and Botsch, Mario},
    booktitle=icra,
    year={2013}}

@conference{sridhar2013multicam,
	Author = {Sridhar, Srinath and Oulasvirta, Antti and Theobalt, Christian},
	Title = {Interactive Markerless Articulated Hand Motion Tracking using {RGB} and Depth Data},
	Booktitle = iccv,
	Year = {2013}}

@conference{tang2013real,
    title={Real-time articulated hand pose estimation using semi-supervised transductive regression forests},
    author={Tang, Danhang and Yu, Tsz-Ho and Kim, Tae-Kyun},
    booktitle=iccv,
    year={2013}}
    
@article{thiery2013sphere,
    Author = {Jean-Marc Thiery and Emilie Guy and Tamy Boubekeur},
    Journal = sig,
    Title = {Sphere-Meshes: Shape Approximation using Spherical Quadric Error Metrics},
    Year = {2013}}
    
@article{vaillant2013implicit,
    title={Implicit skinning: Real-time skin deformation with contact modeling},
    author={Vaillant, Rodolphe and Barthe, Lo{\"\i}c and Guennebaud, Ga{\"e}l and Cani, Marie-Paule and Rohmer, Damien and Wyvill, Brian and Gourmel, Olivier and Paulin, Mathias},
    journal=sig,
    year={2013}}

@inproceedings{wang_sca13,
	Author = {Wang, Yingying and Neff, Michael},
	Booktitle = sca,
	Title = {Data-driven glove calibration for hand motion capture},
    organization={ACM},
	Year = {2013}}

@article{wang2013physics,
    title={Video-based hand manipulation capture through composite motion control},
    author={Wang, Yangang and Min, Jianyuan and Zhang, Jianjie and Liu, Yebin and Xu, Feng and Dai, Qionghai and Chai, Jinxiang},
    journal=SIG,
    year={2013}}
    
@inproceedings{xu2013efficient,
  title={Efficient hand pose estimation from a single depth image},
  author={Xu, Chi and Cheng, Li},
  booktitle={Proceedings of the IEEE International Conference on Computer Vision},
  pages={3456--3462},
  year={2013}
}

@article{ye_13,
    title={A Survey on Human Motion Analysis from Depth Data},
    author={Ye, Mao and Zhang, Qing and Wang, Liang and Zhu, Jiejie and Yang, Ruigang and Gall, Juergen},
    journal={Time-of-Flight and Depth Imaging. Sensors, Algorithms, and Applications},
    year={2013}}
    
@journal{zanni2013scale,
  title={SCALe-invariant Integral Surfaces},
  author={Zanni, C{\'e}dric and Bernhardt, Adrien and Quiblier, Maxime and Cani, M-P},
  booktitle=cgf,
  year={2013}}

@article{zhao_siga13,
	Author = {Zhao, Wenping and Zhang, Jianjie and Min, Jianyuan and Chai, Jinxiang},
	Journal = siga,
	Title = {Robust Realtime Physics-based Motion Control for Human Grasping},
	Year = {2013}}
	
@conference{zou2013coslam,
	title={COSLAM: Collaborative visual slam in dynamic environments},
	author={Zou, Danping and Tan, Ping},
	booktitle=pami,
	year={2013}}

%%%%%%%%%%%%%%%%%%%%%%%%%%%%%%%%%%%%%%%%%%%%

@article{Bouaziz_eg2014,
	 author = {Bouaziz, Sofien and Tagliasacchi, Andrea and Pauly, Mark},
	 title = {Dynamic {2D/3D} Registration},
	 journal = {Eurographics Tutorial},
	 year = {2014}}

@article{cao_sig14,
    title={Displaced dynamic expression regression for real-time facial tracking and animation},
    author={Cao, Chen and Hou, Qiming and Zhou, Kun},
    journal=sig,
    year={2014}}

@conference{chen_nips14,
    author={Xianjie Chen and Alan Yuille},
    title={Articulated Pose Estimation by a Graphical Model with Image Dependent Pairwise Relations},
    booktitle=nips,
    year={2014}}

@article{fanello_tog14,
    author = {Sean Fanello and Cem Keskin and Shahram Izadi and Pushmeet Kohli and David Kim and David Sweeney and Antonio Criminisi and Jamie Shotton and Sing Bing Kang and Tim Paek},
    title = {Learning to be a Depth Camera for Close-Range Human Capture and Interaction},
    journal = TOG,
    year = {2014}}

@conference{krupka2014discriminative,
    title={Discriminative ferns ensemble for hand pose recognition},
    author={Krupka, Eyal and Vinnikov, Alon and Klein, Ben and Bar Hillel, Aharon and Freedman, Daniel and Stachniak, Simon},
    booktitle=cvpr,
    year={2014}}

@inproceedings{kyriazis_cvpr14,
	title = {Scalable 3D Tracking of Multiple Interacting Objects},
	author = {Kyriazis, N. and Argyros, A.},
	booktitle = cvpr,
	year = {2014}}

@conference{loper_eccv14,
	Author = {Loper, Matthew M and Black, Michael J},
	Booktitle = eccv,
	Title = {{OpenDR: An approximate differentiable renderer}},
	Year = {2014}}

@conference{oikonomidis2014evolutionary,
    title={Evolutionary quasi-random search for hand articulations tracking},
    author={Oikonomidis, Iason and Lourakis, Manolis and Argyros, Antonis and others},
    booktitle=cvpr,
    year={2014}}

@conference{qian2014realtime,
    title={Realtime and robust hand tracking from depth},
    author={Qian, Chen and Sun, Xiao and Wei, Yichen and Tang, Xiaoou and Sun, Jian},
    booktitle=cvpr,
    year={2014}}

@conference{schroder2014real,
    title={Real-time hand tracking using synergistic inverse kinematics},
    author={Schroder, Michael and Maycock, Jonathan and Ritter, Helge and Botsch, Mario},
    booktitle=icra,
    year={2014}}

@conference{sridhar2014anisotropic,
    title={Real-time Hand Tracking Using a Sum of Anisotropic Gaussians Model},
    author={Sridhar, Srinath and Rhodin, Helge and Seidel, Hans-Peter and Oulasvirta, Antti and Theobalt, Christian},
    booktitle={Proc. International Conference on 3D Vision (3DV)},
    year={2014}}

@conference{tang_cvpr14,
    title={Latent Regression Forest: Structured Estimation of {3D} Articulated Hand Posture},
    author={Tang, Danhang and Chang, Hyung Jin and Tejani, Alykhan and Kim, Tae-Kyun},
    booktitle=cvpr,
    organization={IEEE},
    year={2014}}

@conference{taylor2014user,
    title={User-specific hand modeling from monocular depth sequences},
    author={Taylor, James and Stebbing, Richard and Ramakrishna, Varun and Keskin, Cem and Shotton, Jamie and Izadi, Shahram and Hertzmann, Aaron and Fitzgibbon, Andrew},
    booktitle=cvpr,
    year={2014}}

@conference{tejani2014latent,
    title={Latent-class hough forests for 3D object detection and pose estimation},
    author={Tejani, Alykhan and Tang, Danhang and Kouskouridas, Rigas and Kim, Tae-Kyun},
    booktitle=eccv,
    year={2014}}

@article{tompson2014real,
    title={Real-time continuous pose recovery of human hands using convolutional networks},
    author={Tompson, Jonathan and Stein, Murphy and Lecun, Yann and Perlin, Ken},
    journal=tog,
    year={2014}}

@article{vaillant2014robust,
    title={Robust iso-surface tracking for interactive character skinning},
    author={Vaillant, Rodolphe and Guennebaud, G{\"a}el and Barthe, Lo{\"\i}c and Wyvill, Brian and Cani, Marie-Paule},
    journal=tog,
    year={2014}}

@article{zhang_siga14,
	Author = {Zhang, Peizhao and Siu, Kristin and Zhang, Jianjie and Liu, C Karen and Chai, Jinxiang},
	Journal = siga,
	Title = {Leveraging depth cameras and wearable pressure sensors for full-body kinematics and dynamics capture},
	Year = {2014}}

@article{zollhofer_tog14,
    title={Real-time Non-rigid Reconstruction using an RGB-D Camera},
    author={Zollh{\"o}fer, Michael and Nie{\ss}ner, Matthias and Izadi, Shahram and Rehmann, Christoph and Zach, Christopher and Fisher, Matthew and Wu, Chenglei and Fitzgibbon, Andrew and Loop, Charles and Theobalt, Christian and others},
    journal=TOG,
    year={2014}}

%%%%%%%%%%%%%%%%%%%%%%%%%%%%%%%%%%%%%%%%%%%%

@conference{bogo2015detailed,
    title = {Detailed Full-Body Reconstructions of Moving People from Monocular {RGB-D} Sequences},
    author = {Bogo, Federica and Black, Michael J. and Loper, Matthew and Romero, Javier},
    booktitle = iccv,
    year = {2015}}
    
@conference{cao2015facial,
    author = {Cao, Chen and Bradley, Derek and Zhou, Kun and Beeler, Thabo},
    title = {Real-time high-fidelity facial performance capture},
    year = {2015},
    booktitle = sig} 
    
@conference{fleishman2015icpik,
    title={ICPIK: Inverse Kinematics based Articulated-ICP},
    author={Fleishman, Shachar and Kliger, Mark and Lerner, Alon and Kutliroff, Gershom},
    booktitle={Proc. of the IEEE CVPR Workshops (HANDS)},
    year={2015}}

@conference{havlik2015performance,
    title={Performance evaluation of iterated extended Kalman filter with variable step-length},
    author={Havl{\'\i}k, Jind{\v{r}}ich and Straka, Ond{\v{r}}ej},
    booktitle={Journal of Physics: Conf. Series},
    year={2015}}

@misc{immersion,
    author = {Unknown},
    title = {Find a study Leap Motion mentioned},
    year = {2015}}

@conference{khamis15learning,
    title={Learning an Efficient Model of Hand Shape Variation from Depth Images},
    author={Khamis, Sameh and Taylor, Jonathan and Shotton, Jamie and Keskin, Cem and Izadi, Shahram and Fitzgibbon, Andrew},
    journal=cvpr,
    year={2015}}
    
@inproceedings{li20153d,
  title={3d hand pose estimation using randomized decision forest with segmentation index points},
  author={Li, Peiyi and Ling, Haibin and Li, Xi and Liao, Chunyuan},
  booktitle={Proceedings of the IEEE International Conference on Computer Vision},
  pages={819--827},
  year={2015}
}

@conference{makris2015model,
	title={Model-based 3D hand tracking with online hand shape adaptation},
	author={Makris, Alexandros and Argyros, A},
	booktitle=bmvc,
	year={2015}}

@article{newcombe2015dynfusion,
    Author = {Newcombe, Richard A. and Fox, Dieter and Seitz, Steven M.},
    Journal = CVPR,
    Title = {DynamicFusion: Reconstruction and Tracking of Non-Rigid Scenes in Real-Time},
    Year = {2015}}
    
@conference{oberweger2015hands,
    title={Hands deep in deep learning for hand pose estimation},
    author={Oberweger, Markus and Wohlhart, Paul and Lepetit, Vincent},
    booktitle={Proc. Computer Vision Winter Workshop},
    year={2015}}
	
@conference{oberweger2015feedback,
    author = {Markus Oberweger and Paul Wohlhart and Vincent Lepetit},
    title = {{Training a Feedback Loop for Hand Pose Estimation}},
    booktitle = iccv,
    year = {2015}}
    
@article{poier2015hybrid,
  title={Hybrid one-shot 3D hand pose estimation by exploiting uncertainties},
  author={Poier, Georg and Roditakis, Konstantinos and Schulter, Samuel and Michel, Damien and Bischof, Horst and Argyros, Antonis A},
  journal={arXiv preprint arXiv:1510.08039},
  year={2015}
}
	
@conference{sharp2015accurate,
    title={Accurate, Robust, and Flexible Real-time Hand Tracking},
    author={Sharp, Toby and Keskin, Cem and Robertson, Duncan and Taylor, Jonathan and Shotton, Jamie and Leichter, David Kim Christoph Rhemann Ido and Wei, Alon Vinnikov Yichen and Krupka, Daniel Freedman Pushmeet Kohli Eyal and Fitzgibbon, Andrew and Izadi, Shahram},
    booktitle=chi,
    year={2015}}

@inproceedings{skoglund2015extended,
    title={Extended Kalman filter modifications based on an optimization view point},
    author={Skoglund, Martin A and Hendeby, Gustaf and Axehill, Daniel},
    booktitle={Intl. Conf. on Inf. Fusion},
    year={2015}}	
	
@conference{sridhar2015fast,
    title={Fast and Robust Hand Tracking Using Detection-Guided Optimization},
    author={Sridhar, Srinath and Mueller, Franziska and Oulasvirta, Antti and Theobalt, Christian},
    booktitle=cvpr,
    year={2015}}
    
@conference{sun2015cascaded,
    title={Cascaded Hand Pose Regression},
    author={Sun, Xiao and Wei, Yichen and Liang, Shuang and Tang, Xiaoou and Sun, Jian},
    booktitle=cvpr,
    year={2015}}

@conference{supancic2015depth,
    title={Depth-based hand pose estimation: data, methods, and challenges},
    author={Supancic, James S and Rogez, Gr{\'e}gory and Yang, Yi and Shotton, Jamie and Ramanan, Deva},
    booktitle=iccv,
    year={2015}}
    
@article{tagliasacchi2015robust,
    title={Robust Articulated-ICP for Real-Time Hand Tracking},
    author={Tagliasacchi, Andrea and Schroeder, Matthias and Tkach, Anastasia and Bouaziz, Sofien and Botsch, Mario and Pauly, Mark},
    journal=sgp,
    year={2015}}
    
@conference{tang2015opening,
    title={Opening the black box: Hierarchical sampling optimization for estimating human hand pose},
    author={Tang, Danhang and Taylor, Jonathan and Kohli, Pushmeet and Keskin, Cem and Kim, Tae-Kyun and Shotton, Jamie},
    booktitle=iccv,
    year={2015}}

@article{thies2015real,
  title={Real-time expression transfer for facial reenactment.},
  author={Thies, Justus and Zollh{\"o}fer, Michael and Nie{\ss}ner, Matthias and Valgaerts, Levi and Stamminger, Marc and Theobalt, Christian},
  journal={ACM Trans. Graph.},
  volume={34},
  number={6},
  pages={183--1},
  year={2015}
}
    
%%%%%%%%%%%%%%%%%%%%%%%%%%%%%%%%%%%%%%%%%%%%

@conference{cao2016real,
	title={Real-time facial animation with image-based dynamic avatars},
	author={Cao, Chen and Wu, Hongzhi and Weng, Yanlin and Shao, Tianjia and Zhou, Kun},
	booktitle=sig,
	year={2016}}
	
@inproceedings{ge2016robust,
  title={Robust 3D hand pose estimation in single depth images: from single-view CNN to multi-view CNNs},
  author={Ge, Liuhao and Liang, Hui and Yuan, Junsong and Thalmann, Daniel},
  booktitle={Proceedings of the IEEE Conference on Computer Vision and Pattern Recognition},
  pages={3593--3601},
  year={2016}
}

@conference{innmann2016volume,
    author = {Matthias Innmann and Michael Zollh{\"o}fer and Matthias Nie{\ss}ner and Christian Theobalt and Marc Stamminger},
    booktitle = ECCV,
    title = {VolumeDeform: Real-time Volumetric Non-rigid Reconstruction},
    year = {2016}}    
    
@conference{joseph2016fits,
    title={Fits like a glove: Rapid and reliable hand shape personalization},
    author={Joseph Tan, David and Cashman, Thomas and Taylor, Jonathan and Fitzgibbon, Andrew and Tarlow, Daniel and Khamis, Sameh and Izadi, Shahram and Shotton, Jamie},
    booktitle=cvpr,
    year={2016}}

@article{regcourse,
    author = {Andrea Tagliasacchi and Hao Li},
    title = {Modern Techniques and Applications for Real-Time Non-rigid Registration},
    journal = {{Proc. SIGGRAPH Asia (Technical Courses)}},
    year = {2016}}
    
@article{shrivastava2016learning,
  title={Learning from simulated and unsupervised images through adversarial training},
  author={Shrivastava, Ashish and Pfister, Tomas and Tuzel, Oncel and Susskind, Josh and Wang, Wenda and Webb, Russ},
  journal={arXiv preprint arXiv:1612.07828},
  year={2016}
}

@inproceedings{sinha2016deephand,
  title={Deephand: Robust hand pose estimation by completing a matrix imputed with deep features},
  author={Sinha, Ayan and Choi, Chiho and Ramani, Karthik},
  booktitle={Proceedings of the IEEE Conference on Computer Vision and Pattern Recognition},
  pages={4150--4158},
  year={2016}
}

@article{tagliasacchi2016skeletons,
    title = {3D Skeletons: A State-of-the-Art Report}, 
    author = {Andrea Tagliasacchi and Thomas Delame and Michela Spagnuolo and Nina Amenta and Alexandru Telea}, 
    journal = eg,
    year = {2016}}

@conference{tan2016fits,
	title={Fits like a glove: Rapid and reliable hand shape personalization},
	author={Tan, David J. and Cashman, Thomas and Taylor, Jonathan and Fitzgibbon, Andrew and Tarlow, Daniel and Khamis, Sameh and Izadi, Shahram and Shotton, Jamie},
	booktitle=cvpr,
	year={2016}}

@article{taylor2016concerto,
	author = {Jonathan Taylor and Lucas Bordeaux and Thomas Cashman and Bob Corish and Cem Keskin and Eduardo Soto and David Sweeney and Julien Valentin and Benjamin Luff and Arran Topalian and Erroll Wood and Sameh Khamis and Pushmeet Kohli and Toby Sharp and Shahram Izadi and Richard Banks and Andrew Fitzgibbon and Jamie Shotton},
	title = {Efficient and Precise Interactive Hand Tracking through Joint, Continuous Optimization of Pose and Correspondences},
	journal = sig,
	year = {2016}}   
	
@conference{taylor2016joint,
	title={Efficient and precise interactive hand tracking through joint, continuous optimization of pose and correspondences},
	author={Taylor, Jonathan and Bordeaux, Lucas and Cashman, Thomas and Corish, Bob and Keskin, Cem and Sharp, Toby and Soto, Eduardo and Sweeney, David and Valentin, Julien and Luff, Benjamin and others},
	booktitle=sig,
	year={2016}}	
    
@article{thiery2016spheremesh,
    author = {Jean-Marc Thiery and Emilie Guy and Tamy Boubekeur and Elmar Eisemann},
    title = {Animated Mesh Approximation With Sphere-Meshes},
    journal = tog,
    year = {2016}}    
    
@inproceedings{thies2016face2face,
  title={Face2face: Real-time face capture and reenactment of rgb videos},
  author={Thies, Justus and Zollhofer, Michael and Stamminger, Marc and Theobalt, Christian and Nie{\ss}ner, Matthias},
  booktitle={Proceedings of the IEEE Conference on Computer Vision and Pattern Recognition},
  pages={2387--2395},
  year={2016}
}
    
@conference{tkach2016sphere,
    title={Sphere-meshes for real-time hand modeling and tracking},
    author={Tkach, Anastasia and Pauly, Mark and Tagliasacchi, Andrea},
    booktitle=siga,
    year={2016}}
	
@conference{valentin2016learning,
    title={Learning to navigate the energy landscape},
    author={Valentin, Julien and Dai, Angela and Nie{\ss}ner, Matthias and Kohli, Pushmeet and Torr, Philip and Izadi, Shahram and Keskin, Cem},
    booktitle=threedv,
    year={2016}}
    
@inproceedings{wan2016hand,
  title={Hand pose estimation from local surface normals},
  author={Wan, Chengde and Yao, Angela and Van Gool, Luc},
  booktitle={European Conference on Computer Vision},
  pages={554--569},
  year={2016},
  organization={Springer}
}
    
@article{zhou2016model,
  title={Model-based deep hand pose estimation},
  author={Zhou, Xingyi and Wan, Qingfu and Zhang, Wei and Xue, Xiangyang and Wei, Yichen},
  journal={arXiv preprint arXiv:1606.06854},
  year={2016}
}
	
@conference{dedynamic,
  title={Dynamic Facial Analysis: From Bayesian Filtering to Recurrent Neural Network},
  author={Gu, Jinwei and Yang, Xiaodong  and De Mello, Shalini and Kautz, Jan},
  booktitle=cvpr,
  year={2017}
}

@misc{dibra2017refine,
  title={How to Refine 3D Hand Pose Estimation from Unlabelled Depth Data?},
  author={Dibra, Endri and Wolf, Thomas and Oztireli, Cengiz and Gross, Markus},
  year={2017},
  publisher={3DV}
}

@article{dou2017motion2fusion,
author = {Dou, Mingsong and Davidson, Philip and Fanello, Sean and Khamis, Sameh and Kowdle, Adarsh and Rhemann, Christoph and Tankovich, Vladimir and Izadi, Shahram},
year = {2017},
month = {11},
pages = {1-16},
title = {Motion2fusion: real-time volumetric performance capture},
volume = {36},
booktitle = {ACM Transactions on Graphics}
}

@article{fourure2017multi,
  title={Multi-task, Multi-domain Learning: application to semantic segmentation and pose regression},
  author={Fourure, Damien and Emonet, R{\'e}mi and Fromont, Elisa and Muselet, Damien and Neverova, Natalia and Tr{\'e}meau, Alain and Wolf, Christian},
  journal={Neurocomputing},
  volume={251},
  pages={68--80},
  year={2017},
  publisher={Elsevier}
}

@article{guo2017region,
  title={Region Ensemble Network: Improving Convolutional Network for Hand Pose Estimation},
  author={Guo, Hengkai and Wang, Guijin and Chen, Xinghao and Zhang, Cairong and Qiao, Fei and Yang, Huazhong},
  journal={arXiv preprint arXiv:1702.02447},
  year={2017}
}
	
@conference{edoardo,
    title={Low-Dimensionality Calibration through Local Anisotropic for Scaling for Robust Hand Model Personalization},
    author={Remelli, Edoardo and Tkach, Anastasia and Tagliassachi, Andrea and Pauly, Mark},
    booktitle=iccv,
    year={2017}}
	
@conference{marcard2017inertial,
    title = {Sparse Inertial Poser: Automatic 3D Human Pose Estimation from Sparse IMUs},
    author = {von Marcard, Timo and Rosenhahn, Bodo and Black, Michael and Pons-Moll, Gerard},
    journal = eg,
    year = {2017}}
    
@article{madadi2017end,
  title={End-to-end Global to Local CNN Learning for Hand Pose Recovery in Depth data},
  author={Madadi, Meysam and Escalera, Sergio and Baro, Xavier and Gonzalez, Jordi},
  journal={arXiv preprint arXiv:1705.09606},
  year={2017}
}    
    
@article{mueller2017real,
  title={Real-time Hand Tracking under Occlusion from an Egocentric RGB-D Sensor},
  author={Mueller, Franziska and Mehta, Dushyant and Sotnychenko, Oleksandr and Sridhar, Srinath and Casas, Dan and Theobalt, Christian},
  journal={arXiv preprint arXiv:1704.02201},
  year={2017}
}

@article{neverova2017hand,
  title={Hand pose estimation through semi-supervised and weakly-supervised learning},
  author={Neverova, Natalia and Wolf, Christian and Nebout, Florian and Taylor, Graham},
  journal={arXiv preprint arXiv:1511.06728},
  year={2017}
}

@inproceedings{oberweger2017deepprior++,
  title={Deepprior++: Improving fast and accurate 3d hand pose estimation},
  author={Oberweger, Markus and Lepetit, Vincent},
  booktitle={ICCV workshop},
  volume={840},
  year={2017}
}

@article{romero2017embodied,
  title={Embodied Hands: Modeling and Capturing Hands and Bodies Together},
  author={Romero, Javier and Tzionas, Dimitrios and Black, Michael},
  journal = {ACM Trans. Graph.},
  issue_date = {November 2017},
  month = nov,
  year = {2017},
}

@article{simon2017hand,
  title={Hand Keypoint Detection in Single Images using Multiview Bootstrapping},
  author={Simon, Tomas and Joo, Hanbyul and Matthews, Iain and Sheikh, Yaser},
  journal={arXiv preprint arXiv:1704.07809},
  year={2017}
}

@article{taylor2017articulated,
 author = {Taylor, Jonathan and Tankovich, Vladimir and Tang, Danhang and Keskin, Cem and Kim, David and Davidson, Philip and Kowdle, Adarsh and Izadi, Shahram},
 title = {Articulated Distance Fields for Ultra-fast Tracking of Hands Interacting},
 journal = {ACM Trans. Graph.},
 issue_date = {November 2017},
 volume = {36},
 number = {6},
 month = nov,
 year = {2017},
 issn = {0730-0301},
 pages = {244:1--244:12},
 articleno = {244},
 numpages = {12},
} 

@article{tewari2017mofa,
  title={MoFA: Model-based Deep Convolutional Face Autoencoder for Unsupervised Monocular Reconstruction},
  author={Tewari, Ayush and Zollh{\"o}fer, Michael and Kim, Hyeongwoo and Garrido, Pablo and Bernard, Florian and P{\'e}rez, Patrick and Theobalt, Christian},
  journal={arXiv preprint arXiv:1703.10580},
  year={2017}
}

@article{tkach2017online,
  title={Online generative model personalization for hand tracking},
  author={Tkach, Anastasia and Tagliasacchi, Andrea and Remelli, Edoardo and Pauly, Mark and Fitzgibbon, Andrew},
  journal={ACM Transactions on Graphics (Proc. SIGGRAPH Asia)},
  year={2017}
}

@article{wan2017crossing,
  title={Crossing Nets: Dual Generative Models with a Shared Latent Space for Hand Pose Estimation},
  author={Wan, Chengde and Probst, Thomas and Van Gool, Luc and Yao, Angela},
  journal={arXiv preprint arXiv:1702.03431},
  year={2017}
}

@conference{yuan2017bighand,
    title={BigHand2M Benchmark: Hand Pose Dataset and State of the Art Analysis},
    author={Yuan, Shanxin and Ye, Qi and Stenger, Bjorn and Jain, Siddhand and Kim, Tae-Kyun},
    booktitle={arXiv preprint arXiv:1704.02612},
    year={2017}}

@article{zimmermann2017learning,
  title={Learning to Estimate 3D Hand Pose from Single RGB Images},
  author={Zimmermann, Christian and Brox, Thomas},
  journal={arXiv preprint arXiv:1705.01389},
  year={2017}
}







  












	

    

	 
 