@string{cgf = {Computer Graphics Forum (CGF)}}
@string{cviu = {Computer Vision Image Understanding}}
@string{CVPR = {Proc. of Comp. Vision and Pattern Recog. (CVPR)}}
@string{iccv = {Proc. of the Intern. Conf. on Computer Vision (ICCV)}}
@string{icra = {Proc. of the Intern. Conf. on Robotics and Automation (ICRA)}}
@string{eccv = {Proc. of the European Conf. on Computer Vision (ECCV)}}
@string{ijcv = {International Journal of Computer Vision (IJCV)}}
@string{PAMI = {Pattern Analysis and Machine Intelligence (PAMI)}}
@string{SGP = {Computer Graphics Forum (Proc. Symposium on Geometry Processing, SGP)}}
@string{sgp_pre = {Proc. Symposium on Geometry Processing (SGP)}}
@string{sca = {Proc. of the Symposium on Computer Animation (SCA)}}
@string{SIG = {ACM Transactions on Graphics (Proc. of SIGGRAPH)}}
@string{sig_pre_03 = {Proc. ACM SIGGRAPH}}
@string{sig_pre_93 = {Computer Graphics (Proc. SIGGRAPH)}}
@string{siga = {ACM Transactions on Graphics (Proc. SIGGRAPH Asia)}}
@string{tit = {IEEE Transactions Information Theory}}
@string{tog = {ACM Transactions on Graphics (TOG)}}
@string{tsp = {IEEE Transactions Signal Processing}}
@string{tvcg = {Transactions on Visualization and Compute Graphics (TVCG)}}
@string{uist = {Proc. ACM User Interface Software and Technology}}
@string{EG = {Computer Graphics Forum (Proc. of EuroGraphics)}}
@string{nips = {Proc. Neural Information Processing Systems (NIPS)}}
@string{ivc = {Proc. Image and Vision Computing}}
@string{i3d = {Proc. ACM SIGGRAPH Symposium on Interactive 3D Graphics and Games (i3D)}}
@string{chi = {Proc. of ACM Special Interest Group on Computer-Human Interaction (CHI)}}
@string{bmvc = {Proc. of British Machine Vision Conference (BMVC)}}

@article{buss_04,
	Author = {Samuel R. Buss},
	Journal = {IEEE Journal of Robotics and Automation},
	Title = {Introduction to Inverse Kinematics with Jacobian Transpose, Pseudoinverse and Damped Least Squares methods},
	Year = {2004}}

@article{regcourse,
    author = {Andrea Tagliasacchi and Hao Li},
    title = {Modern Techniques and Applications for Real-Time Non-rigid Registration},
    journal = {{Proc. SIGGRAPH Asia (Technical Courses)}},
    year = {2016}}

@conference{sorkine2007arap,
    author = {Sorkine, Olga and Alexa, Marc},
    title = {As-rigid-as-possible Surface Modeling},
    booktitle = sgp_pre,
    year = {2007}} 

@conference{bloomenthal1991convolution,
    title={Convolution surfaces},
    author={Bloomenthal, Jules and Shoemake, Ken},
    booktitle=sig_pre_93,
    year={1991}}

@conference{albrecht2003construction,
    title={Construction and animation of anatomically based human hand models},
    author={Albrecht, Irene and Haber, J{\"o}rg and Seidel, Hans-Peter},
    booktitle=sca,
    year={2003}}

@conference{rhee2006hand,
    title={Human hand modeling from surface anatomy},
    author={Rhee, Taehyun and Neumann, Ulrich and Lewis, John P},
    booktitle=i3d,
    year={2006}}

@conference{keskin2012hand,
    title={Hand pose estimation and hand shape classification using multi-layered randomized decision forests},
    author={Keskin, Cem and K{\i}ra{\c{c}}, Furkan and Kara, Yunus Emre and Akarun, Lale},
    booktitle=eccv,
    year={2012}}

@conference{straka2012simultaneous,
    title={Simultaneous shape and pose adaption of articulated models using linear optimization},
    author={Straka, Matthias and Hauswiesner, Stefan and R{\"u}ther, Matthias and Bischof, Horst},
    booktitle=eccv,
    year={2012}}

@conference{schroder2013analysis,
    title={Analysis of hand synergies for inverse kinematics hand tracking},
    author={Schr{\"o}der, Matthias and Maycock, Jonathan and Ritter, Helge and Botsch, Mario},
    booktitle=icra,
    year={2013}}

@conference{melax2013dynamics,
    title={Dynamics based 3D skeletal hand tracking},
    author={Melax, Stan and Keselman, Leonid and Orsten, Sterling},
    booktitle={Proc. of Graphics Interface},
    year={2013}}

@conference{tang2013real,
    title={Real-time articulated hand pose estimation using semi-supervised transductive regression forests},
    author={Tang, Danhang and Yu, Tsz-Ho and Kim, Tae-Kyun},
    booktitle=iccv,
    year={2013}}

@article{vaillant2013implicit,
    title={Implicit skinning: Real-time skin deformation with contact modeling},
    author={Vaillant, Rodolphe and Barthe, Lo{\"\i}c and Guennebaud, Ga{\"e}l and Cani, Marie-Paule and Rohmer, Damien and Wyvill, Brian and Gourmel, Olivier and Paulin, Mathias},
    journal=sig,
    year={2013}}

@conference{oiko2011hand,
	Author = {Oikonomidis, Iason and Kyriazis, Nikolaos and Argyros, Antonis A},
	Booktitle = bmvc,
	Title = {Efficient model-based {3D} tracking of hand articulation using kinect},
	Year = {2011}}

@conference{oikonomidis2014evolutionary,
    title={Evolutionary quasi-random search for hand articulations tracking},
    author={Oikonomidis, Iason and Lourakis, Manolis and Argyros, Antonis and others},
    booktitle=cvpr,
    year={2014}}

@conference{schroder2014real,
    title={Real-time hand tracking using synergistic inverse kinematics},
    author={Schroder, Michael and Maycock, Jonathan and Ritter, Helge and Botsch, Mario},
    booktitle=icra,
    year={2014}}

@conference{taylor2014user,
    title={User-specific hand modeling from monocular depth sequences},
    author={Taylor, James and Stebbing, Richard and Ramakrishna, Varun and Keskin, Cem and Shotton, Jamie and Izadi, Shahram and Hertzmann, Aaron and Fitzgibbon, Andrew},
    booktitle=cvpr,
    year={2014}}

@article{tompson2014real,
    title={Real-time continuous pose recovery of human hands using convolutional networks},
    author={Tompson, Jonathan and Stein, Murphy and Lecun, Yann and Perlin, Ken},
    journal=tog,
    year={2014}}

@conference{qian2014realtime,
    title={Realtime and robust hand tracking from depth},
    author={Qian, Chen and Sun, Xiao and Wei, Yichen and Tang, Xiaoou and Sun, Jian},
    booktitle=cvpr,
    year={2014}}

@article{vaillant2014robust,
    title={Robust iso-surface tracking for interactive character skinning},
    author={Vaillant, Rodolphe and Guennebaud, G{\"a}el and Barthe, Lo{\"\i}c and Wyvill, Brian and Cani, Marie-Paule},
    journal=tog,
    year={2014}}

@article{khamis15learning,
    title={Learning an Efficient Model of Hand Shape Variation from Depth Images},
    author={Khamis, Sameh and Taylor, Jonathan and Shotton, Jamie and Keskin, Cem and Izadi, Shahram and Fitzgibbon, Andrew},
    journal=cvpr,
    year={2015}}

@article{tagliasacchi2015robust,
    title={Robust Articulated-ICP for Real-Time Hand Tracking},
    author={Tagliasacchi, Andrea and Schroeder, Matthias and Tkach, Anastasia and Bouaziz, Sofien and Botsch, Mario and Pauly, Mark},
    journal=sgp,
    year={2015}}

@conference{sun2015cascaded,
    title={Cascaded Hand Pose Regression},
    author={Sun, Xiao and Wei, Yichen and Liang, Shuang and Tang, Xiaoou and Sun, Jian},
    booktitle=cvpr,
    year={2015}}

@conference{sharp2015accurate,
    title={Accurate, Robust, and Flexible Real-time Hand Tracking},
    author={Sharp, Toby and Keskin, Cem and Robertson, Duncan and Taylor, Jonathan and Shotton, Jamie and Leichter, David Kim Christoph Rhemann Ido and Wei, Alon Vinnikov Yichen and Krupka, Daniel Freedman Pushmeet Kohli Eyal and Fitzgibbon, Andrew and Izadi, Shahram},
    booktitle=chi,
    year={2015}}

@conference{krupka2014discriminative,
    title={Discriminative ferns ensemble for hand pose recognition},
    author={Krupka, Eyal and Vinnikov, Alon and Klein, Ben and Bar Hillel, Aharon and Freedman, Daniel and Stachniak, Simon},
    booktitle=cvpr,
    year={2014}}

@conference{oberweger2015feedback,
    author = {Markus Oberweger and Paul Wohlhart and Vincent Lepetit},
    title = {{Training a Feedback Loop for Hand Pose Estimation}},
    booktitle = iccv,
    year = {2015}}
    
@conference{oberweger2015hands,
    title={Hands deep in deep learning for hand pose estimation},
    author={Oberweger, Markus and Wohlhart, Paul and Lepetit, Vincent},
    booktitle={Proc. Computer Vision Winter Workshop},
    year={2015}}
  
@book{botsch2010book,
    Author = {Botsch, Mario and Kobbelt, Leif and Pauly, Mark and Alliez, Pierre and L{\'e}vy, B},
    Publisher = {A. K. Peters},
    Title = {{Polygon Mesh Processing}},
    Year = {2010}}
  
@conference{newcombe2011kinfu,
    Author = {Newcombe, Richard A. and Izadi, Shahram and Hilliges, Otmar and Molyneaux, David and Kim, David and Davison, Andrew J. and Kohli, Pushmeet and Shotton, Jamie and Hodges, Steve and Fitzgibbon, Andrew},
    Booktitle = {IEEE International Symposium on Mixed and Augmented Reality (ISMAR)},
    Title = {KinectFusion: Real-Time Dense Surface Mapping and Tracking},
    Year = {2011}}
    
@conference{innmann2016volume,
    author = {Matthias Innmann and Michael Zollh{\"o}fer and Matthias Nie{\ss}ner and Christian Theobalt and Marc Stamminger},
    booktitle = ECCV,
    title = {VolumeDeform: Real-time Volumetric Non-rigid Reconstruction},
    year = {2016}}
 
@article{newcombe2015dynfusion,
    Author = {Newcombe, Richard A. and Fox, Dieter and Seitz, Steven M.},
    Journal = CVPR,
    Title = {DynamicFusion: Reconstruction and Tracking of Non-Rigid Scenes in Real-Time},
    Year = {2015}}

@book{bloomenthal1997book,
    Author = {Jules Bloomenthal and Chandrajit Bajaj and Jim Blinn and Marie-Paule Cani and Alyn Rockwood and Brian Wyvill and Geoff Wyvill},
    Publisher = {Morgan Kaufmann},
    Title = {{Introduction to Implicit Surfaces}},
    Year = {1997}}

@article{thiery2013sphere,
    Author = {Jean-Marc Thiery and Emilie Guy and Tamy Boubekeur},
    Journal = sig,
    Title = {Sphere-Meshes: Shape Approximation using Spherical Quadric Error Metrics},
    Year = {2013}}

@conference{bogo2015detailed,
    title = {Detailed Full-Body Reconstructions of Moving People from Monocular {RGB-D} Sequences},
    author = {Bogo, Federica and Black, Michael J. and Loper, Matthew and Romero, Javier},
    booktitle = iccv,
    year = {2015}}

@article{mocapsurvey,
     author = {Welch, Greg and Foxlin, Eric},
     title = {Motion Tracking: No Silver Bullet, but a Respectable Arsenal},
     journal = {IEEE Comput. Graph. Appl.},
     year = {2002}}
    
@misc{immersion,
    author = {Unknown},
    title = {Find a study Leap Motion mentioned},
    year = {2015}}
    
@article{erol2007survey,
	Author = {Erol, Ali and Bebis, George and Nicolescu, Mircea and Boyle, Richard D and Twombly, Xander},
	Title = {{Vision Based Hand Pose Estimation: A Review}},
	Journal = cviu,
	Year = {2007}}
    
@article{dipietro2008survey,
    title={A survey of glove-based systems and their applications},
    author={Dipietro, Laura and Sabatini, Angelo M and Dario, Paolo},
    journal={IEEE Transactions on Systems, Man, and Cybernetics},
    year={2008}}
    
@conference{ballan2013salient,
	Author = {Ballan, Luca and Taneja, Aparna and Gall, J{\"u}rgen and Van Gool, Luc and Pollefeys, Marc},
	booktitle = eccv,
	Title = {Motion Capture of Hands in Action using Discriminative Salient Points},
	Year = {2012}}

@conference{sridhar2013multicam,
	Author = {Sridhar, Srinath and Oulasvirta, Antti and Theobalt, Christian},
	Title = {Interactive Markerless Articulated Hand Motion Tracking using {RGB} and Depth Data},
	Booktitle = iccv,
	Year = {2013}}

@conference{sridhar2014anisotropic,
    title={Real-time Hand Tracking Using a Sum of Anisotropic Gaussians Model},
    author={Sridhar, Srinath and Rhodin, Helge and Seidel, Hans-Peter and Oulasvirta, Antti and Theobalt, Christian},
    booktitle={Proc. International Conference on 3D Vision (3DV)},
    year={2014}}
    
@conference{sridhar2015fast,
    title={Fast and Robust Hand Tracking Using Detection-Guided Optimization},
    author={Sridhar, Srinath and Mueller, Franziska and Oulasvirta, Antti and Theobalt, Christian},
    booktitle=cvpr,
    year={2015}}
    
@article{olson2006eg,
    author = {Matt Olson and Hao Zhang},
    title = {Silhouette Extraction in Hough Space},
    journal = eg,
    year = 2006}
    
@article{ando2013liquid,
    author={Ryoichi Ando and Nils Th\"urey and Wojtan, Chris},
    title={Highly Adaptive Liquid Simulations on Tetrahedral Meshes},
    journal = sig,
    year = {2013}}
    
@article{taylor2016concerto,
	author = {Jonathan Taylor and Lucas Bordeaux and Thomas Cashman and Bob Corish and Cem Keskin and Eduardo Soto and David Sweeney and Julien Valentin and Benjamin Luff and Arran Topalian and Erroll Wood and Sameh Khamis and Pushmeet Kohli and Toby Sharp and Shahram Izadi and Richard Banks and Andrew Fitzgibbon and Jamie Shotton},
	title = {Efficient and Precise Interactive Hand Tracking through Joint, Continuous Optimization of Pose and Correspondences},
	journal = sig,
	year = {2016}}
    
@conference{zhao2012marker,
	Author = {Zhao, Wenping and Chai, Jinxiang and Xu, Ying-Qing},
	Booktitle = sca,
	Title = {Combining Marker Based Mocap and RGB-D Camera for Acquiring High-fidelity Hand Motion Data},
	Year = {2012}}
    
@article{kim2012digits,
	Author = {Kim, David and Hilliges, Otmar and Izadi, Shahram and Butler, Alex D and Chen, Jiawen and Oikonomidis, Iason and Olivier, Patrick},
	Journal = uist,
	Title = {Digits: freehand 3D interactions anywhere using a wrist-worn gloveless sensor},
	Year = {2012}}

@article{wang2009colorglove,
	Author = {Robert Y. Wang and Jovan Popovic},
	Journal = SIG,
	Title = {Real Time Hand Tracking with a Colored Glove},
	Year = {2009}}
    
@article{wang2013physics,
    title={Video-based hand manipulation capture through composite motion control},
    author={Wang, Yangang and Min, Jianyuan and Zhang, Jianjie and Liu, Yebin and Xu, Feng and Dai, Qionghai and Chai, Jinxiang},
    journal=SIG,
    year={2013}}
    
@conference{tan2016fitsglove,
	Author = {David Joseph Tan and Thomas Cashman and Jonathan Taylor and Andrew Fitzgibbon and Daniel Tarlow and Sameh Khamis and Shahram Izadi and Jamie Shotton},
	booktitle = cvpr,
	Title = {Fits Like a Glove: Rapid and Reliable Hand Shape Personalization},
	Year = {2016}}

@conference{tejani2014latent,
    title={Latent-class hough forests for 3D object detection and pose estimation},
    author={Tejani, Alykhan and Tang, Danhang and Kouskouridas, Rigas and Kim, Tae-Kyun},
    booktitle=eccv,
    year={2014}}
    
@article{delagorce2011model,
    title={Model-based {3D} hand pose estimation from monocular video},
    author={de La Gorce, Martin and Fleet, David J and Paragios, Nikos},
    journal=pami,
    year={2011}}
    
@article{tagliasacchi2016skeletons,
    title = {3D Skeletons: A State-of-the-Art Report}, 
    author = {Andrea Tagliasacchi and Thomas Delame and Michela Spagnuolo and Nina Amenta and Alexandru Telea}, 
    journal = eg,
    year = {2016}}
    
@article{thiery2016spheremesh,
    author = {Jean-Marc Thiery and Emilie Guy and Tamy Boubekeur and Elmar Eisemann},
    title = {Animated Mesh Approximation With Sphere-Meshes},
    journal = tog,
    year = {2016}}
  
@article{fua2003soft,
    title={Articulated soft objects for multi-view shape and motion capture},
    author={Ralf Plankers and Pascal Fua},
    journal=pami,
    year={2003}}
    
@conference{rehg1994tracking,
    author = {Rehg, James M. and Kanade, Takeo},
    title = {Visual Tracking of High DOF Articulated Structures: An Application to Human Hand Tracking},
    booktitle = eccv,
    year = {1994}}
    
@conference{fleishman2015icpik,
    title={ICPIK: Inverse Kinematics based Articulated-ICP},
    author={Fleishman, Shachar and Kliger, Mark and Lerner, Alon and Kutliroff, Gershom},
    booktitle={Proc. of the IEEE CVPR Workshops (HANDS)},
    year={2015}}

@article{bouaziz2013online,
	Author = {Bouaziz, Sofien and Wang, Yangang and Pauly, Mark},
	Journal = sig,
	Title = {Online modeling for realtime facial animation},
	Year = {2013}}

@conference{loper_eccv14,
	Author = {Loper, Matthew M and Black, Michael J},
	Booktitle = eccv,
	Title = {{OpenDR: An approximate differentiable renderer}},
	Year = {2014}}

@article{besl1992icp,
    author = {Besl, P.J. and McKay, H.D.},
    title = {{A method for registration of 3D shapes}},
    journal = PAMI,
    year = {1992}}
    
@conference{makris2015adapt,
    author = {Makris, Alexandros and Argyros, Antonis A},
    title = {Model-based 3D Hand Tracking with on-line Shape Adaptation},
    booktitle = bmvc,
    year = {2015}}
    
@journal{zanni2013scale,
  title={SCALe-invariant Integral Surfaces},
  author={Zanni, C{\'e}dric and Bernhardt, Adrien and Quiblier, Maxime and Cani, M-P},
  booktitle=cgf,
  year={2013}}