@string{cgf = {Computer Graphics Forum}}
@string{cviu = {Computer Vision Image Understanding}}
@string{cvpr = {Proc. of Computer Vision and Pattern Recognition}}
@string{iccv = {Proc. of International Conference on Computer Vision}}
@string{icra = {Proc. of International Conference on Robotics and Automation}}
@string{ijcv = {International Journal of Computer Vision}}
@string{pami = {Trans. on Pattern Analysis and Machine Intelligence}}
@string{sgp = {Computer Graphics Forum (Proc. of the Symposium on Geometry Processing)}}
@string{sgp_pre = {Proc. of the EG/SIGGRAPH Symposium on Geometry Processing}}
@string{sca = {Proc. of the EG/SIGGRAPH Symposium on Computer Animation}}
@string{sig = {ACM Trans. Graph. (Proc. SIGGRAPH)}}
@string{sig_pre_03 = {Proc. of ACM SIGGRAPH}}
@string{sig_pre_93 = {Computer Graphics (Proc. SIGGRAPH)}}
@string{siga = {ACM Trans. Graph. (Proc. SIGGRAPH Asia)}}
@string{tit = {IEEE Trans. Inf. Theory}}
@string{tog = {ACM Trans. Graph.}}
@string{tsp = {IEEE Trans. Signal Process.}}
@string{tvcg = {Trans. on Visualization and Computer Graphics}}
@string{uist = {Proc. of the Symposium on User Interface Software and Technology}}
@string{eccv = {Proc. of the European Conference on Computer Vision}}
@string{eg = {Computer Graphics Forum (Proc. Eurographics)}}
@string{nips = {Proc. Neural Information Processing Systems}}
@string{ivc = {Proc. Image and Vision Computing}}
@string{i3d = {Proc. of the Symposium on Interactive 3D Graphics and Games}}
@string{chi ={Proc. ACM Special Interest Group on Computer-Human Interaction (CHI)}}
