@string{cgf = {Computer Graphics Forum}}
@string{cviu = {Computer Vision Image Understanding}}
@string{cvpr = {Computer Vision and Pattern Recognition}}
@string{iccv = {International Conference on Computer Vision}}
@string{icra = {International Conference on Robotics and Automation}}
@string{ijcv = {International Journal of Computer Vision}}
@string{pami = {Trans. on Pattern Analysis and Machine Intelligence}}
@string{sgp = {Computer Graphics Forum (Proc. of the Symposium on Geometry Processing)}}
@string{sgp_pre = {Proc. of the EG/SIGGRAPH Symposium on Geometry Processing}}
@string{sca = {Proc. of the EG/SIGGRAPH Symposium on Computer Animation}}
@string{sig = {ACM Trans. Graph. (Proc. SIGGRAPH)}}
@string{sig_pre_03 = {Proc. of ACM SIGGRAPH}}
@string{sig_pre_93 = {Computer Graphics (Proc. SIGGRAPH)}}
@string{siga = {ACM Trans. Graph. (Proc. SIGGRAPH Asia)}}
@string{tit = {IEEE Trans. Inf. Theory}}
@string{tog = {ACM Trans. Graph.}}
@string{tsp = {IEEE Trans. Signal Process.}}
@string{tvcg = {Trans. on Visualization and Computer Graphics}}
@string{uist = {Proc. of the Symposium on User Interface Software and Technology}}
@string{eccv = {Proc. of the European Conference on Computer Vision}}
@string{eg = {Computer Graphics Forum (Proc. Eurographics)}}
@string{nips = {Proc. Neural Information Processing Systems}}
@string{ivc = {Proc. Image and Vision Computing}}
@string{i3d = {Proc. of the Symposium on Interactive 3D Graphics and Games}}
@string{chi ={Proc. ACM Special Interest Group on Computer-Human Interaction (CHI)}}


@article{sharp_chi15,
	Author = {Toby Sharp and Cem Keskin and Duncan Robertson and Jonathan Taylor and Jamie Shotton and David Kim and Christoph Rhemann and Ido Leichter and Alon Vinnikov and Yichen Wei and Daniel Freedman and Pushmeet Kohli and Eyal Krupka and Andrew Fitzgibbon and Shahram Izadi},
	Journal = chi,
	Title = {Accurate, Robust, and Flexible Real-time Hand Tracking},
	Year = {2015}}

@article{sun_cvpr15,
	Author = {Xiao Sun, Yichen Wei, Shuang Liang, Xiaoou Tang and Jian Sun},
	Journal = cvpr,
	Title = {Cascaded Hand Pose Regression},
	Year = {2015}}

@article{sridhar_cvpr15,
    Title ={Fast and Robust Hand Tracking Using Detection-Guided Optimization},
    Journal = cvpr,
    Author = {Sridhar, Srinath and Franziska, Mueller and  Oulasvirta, Antti and Theobalt, Christian},
    year = {2015}}

@article{zhao_siga13,
	Author = {Zhao, Wenping and Zhang, Jianjie and Min, Jianyuan and Chai, Jinxiang},
	Journal = siga,
	Title = {Robust Realtime Physics-based Motion Control for Human Grasping},
	Year = {2013}}


@article{zhang_siga14,
	Author = {Zhang, Peizhao and Siu, Kristin and Zhang, Jianjie and Liu, C Karen and Chai, Jinxiang},
	Journal = siga,
	Title = {Leveraging depth cameras and wearable pressure sensors for full-body kinematics and dynamics capture},
	Year = {2014}}

@inproceedings{ganapathi_eccv12,
	Author = {Ganapathi, Varun and Plagemann, Christian and Koller, Daphne and Thrun, Sebastian},
	Booktitle = ECCV,
	Pages = {738-751},
	Publisher = {Springer},
	Title = {Real-Time Human Pose Tracking from Range Data},
	Year = {2012}}

@article{ye_13,
    title={A Survey on Human Motion Analysis from Depth Data},
    author={Ye, Mao and Zhang, Qing and Wang, Liang and Zhu, Jiejie and Yang, Ruigang and Gall, Juergen},
    journal={Time-of-Flight and Depth Imaging. Sensors, Algorithms, and Applications},
    year={2013}}

@article{chen_13,
    author={Chen, Lulu and Wei, Hong and Ferryman, James},
    title={A Survey of Human Motion Analysis Using Depth Imagery},
    journal={Pattern Recognition Letters},
    year={2013}}

@article{chan_95,
    title={A weighted least-norm solution based scheme for avoiding joint limits for redundant joint manipulators},
    author={Chan, Tan Fung and Dubey, Rajiv V},
    journal={IEEE Transactions on Robotics and Automation},
    year={1995}}

@conference{plagemann_icra10,
    title={Real-time identification and localization of body parts from depth images},
    author={Plagemann, Christian and Ganapathi, Varun and Koller, Daphne and Thrun, Sebastian},
    booktitle=icra,
    year={2010},
    organization={IEEE}}


@conference{sridhar_iccv13,
	Author = {Sridhar, Srinath and Oulasvirta, Antti and Theobalt, Christia},
	Title = {Interactive Markerless Articulated Hand Motion Tracking using {RGB} and Depth Data},
	Booktitle = iccv,
    organization={IEEE},
	Year = {2013}}

@article{felzenszwalb_12,
	Author = {Felzenszwalb, Pedro F and Huttenlocher, Daniel P},
	Journal = {Theory of Computing},
	Nickname = {Linear time distance transform},
	Title = {Distance Transforms of Sampled Functions},
	Year = {2012}}

@article{bouaziz_sgp13,
	Author = {Bouaziz, Sofien and Tagliasacchi, Andrea and Pauly, Mark},
	journal = sgp,
	Title = {Sparse Iterative Closest Point},
	Year = {2013}}


@conference{qian_cvpr14,
    title={Realtime and Robust Hand Tracking from Depth},
    author={Qian, Chen and Sun, Xiao and Wei, Yichen and Tang, Xiaoou and Sun, Jian},
    booktitle=cvpr,
    organization={IEEE},
    year={2014}}

@inproceedings{sridhar_14,
    title={Real-time Hand Tracking Using a Sum of Anisotropic Gaussians Model},
    author={Sridhar, Srinath and Rhodin, Helge and Seidel, Hans-Peter and Oulasvirta, Antti and Theobalt, Christian},
    booktitle={International Conference on 3D Vision (3DV)},
    organization={IEEE},
    year={2014}}

@inproceedings{wang_sca13,
	Author = {Wang, Yingying and Neff, Michael},
	Booktitle = sca,
	Title = {Data-driven glove calibration for hand motion capture},
    organization={ACM},
	Year = {2013}}

@article{cao_sig14,
    title={Displaced dynamic expression regression for real-time facial tracking and animation},
    author={Cao, Chen and Hou, Qiming and Zhou, Kun},
    journal=sig,
    year={2014}}

@article{weise_sig11,
    title={Realtime performance-based facial animation},
    author={Weise, Thibaut and Bouaziz, Sofien and Li, Hao and Pauly, Mark},
    journal=sig,
    year={2011}}
  
@article{bouaziz_sig13,
    author = {Bouaziz, Sofien and Wang, Yangang and Pauly, Mark},
    title = {Online Modeling for Realtime Facial Animation},
    journal = sig,
    year = {2013}}

@article{wang_sig13,
    title={Video-based hand manipulation capture through composite motion control},
    author={Wang, Yangang and Min, Jianyuan and Zhang, Jianjie and Liu, Yebin and Xu, Feng and Dai, Qionghai and Chai, Jinxiang},
    journal=SIG,
    year={2013}}

@inproceedings{pellegrini_08,
title={A Generalisation of the ICP Algorithm for Articulated Bodies.},
    author={Pellegrini, Stefano and Schindler, Konrad and Nardi, Daniele},
    booktitle={Proc. of the British Machine Vision Conference},
    organization={Citeseer},
    year={2008}}

@article{delagorce_pami11,
    title={Model-based {3D} hand pose estimation from monocular video},
    author={de La Gorce, Martin and Fleet, David J and Paragios, Nikos},
    journal={Pattern Analysis and Machine Intelligence},
    year={2011}}

@conference{tang_iccv13,
    title={Real-time articulated hand pose estimation using semi-supervised transductive regression forests},
    author={Tang, Danhang and Yu, Tsz-Ho and Kim, Tae-Kyun},
    booktitle=iccv,
    year={2013},
    organization={IEEE}}

@conference{keskin_eccv12,
    title={Hand Pose Estimation and hand shape classification using multi-layered randomized decision forests},
    author={Keskin, Cem and K{\i}ra{\c{c}}, Furkan and Kara, Yunus Emre and Akarun, Lale},
    booktitle=eccv,
    organization={IEEE},
    year={2012}}

@article{romero_13,
    author = {Javier Romero and Hedvig Kjellstr√∂m and Carl Henrik Ek and Danica Kragic},
    title = {Non-parametric hand pose estimation with object context},
    journal = ivc,
    year = {2013}}

@conference{chen_nips14,
    author={Xianjie Chen and Alan Yuille},
    title={Articulated Pose Estimation by a Graphical Model with Image Dependent Pairwise Relations},
    booktitle=nips,
    year={2014}}

@conference{krupka_cvpr14,
    title={Discriminative Ferns Ensemble for Hand Pose Recognition},
    author={Krupka, Eyal and Vinnikov, Alon and Klein, Ben and Hillel, Aharon Bar and Freedman, Daniel and Stachniak, Simon},
    booktitle=cvpr,
    organization = {IEEE},
    year={2014}}
  
@conference{tang_cvpr14,
    title={Latent Regression Forest: Structured Estimation of {3D} Articulated Hand Posture},
    author={Tang, Danhang and Chang, Hyung Jin and Tejani, Alykhan and Kim, Tae-Kyun},
    booktitle=cvpr,
    organization={IEEE},
    year={2014}}


@article{zollhofer_tog14,
    title={Real-time Non-rigid Reconstruction using an RGB-D Camera},
    author={Zollh{\"o}fer, Michael and Nie{\ss}ner, Matthias and Izadi, Shahram and Rehmann, Christoph and Zach, Christopher and Fisher, Matthew and Wu, Chenglei and Fitzgibbon, Andrew and Loop, Charles and Theobalt, Christian and others},
    journal=TOG,
    year={2014}}

@article{tompson_tog14,
    title={Real-time continuous pose recovery of human hands using convolutional networks},
    author={Tompson, Jonathan and Stein, Murphy and Lecun, Yann and Perlin, Ken},
    journal=TOG,
    year={2014}}

@article{fanello_tog14,
    author = {Sean Fanello and Cem Keskin and Shahram Izadi and Pushmeet Kohli and David Kim and David Sweeney and Antonio Criminisi and Jamie Shotton and Sing Bing Kang and Tim Paek},
    title = {Learning to be a Depth Camera for Close-Range Human Capture and Interaction},
    journal = TOG,
    year = {2014}}

@article{phung_pami05,
	Author = {Phung, Son Lam and Bouzerdoum Sr, A and Chai Sr, D},
	Title = {Skin Segmentation Using Color Pixel Classification: Analysis and Comparison},
	Journal = pami,
	Year = {2005}}

@conference{priscariu_ijcv12,
	Author = {Victor A. Prisacariu and Ian D. Reid},
	Booktitle = ijcv,
	Title = {PWP3D: Real-time Segmentation and Tracking of {3D} Objects},
	Year = {2012}}


@article{buss_04,
	Author = {Samuel R. Buss},
	Journal = {IEEE Journal of Robotics and Automation},
	Title = {Introduction to Inverse Kinematics with {J}acobian Transpose, Pseudoinverse and Damped Least Squares methods},
	Year = {2004}}

@article{mittal_11,
	Author = {Mittal, A. and Zisserman, A. and Torr, P.H.S.},
	Journal = {Proc. British Machine Vision Conference},
	Title = {Hand detection using multiple proposals},
	Year = {2011}}

@conference{ballan_eccv13,
	Author = {Ballan, Luca and Taneja, Aparna and Gall, J{\"u}rgen and Van Gool, Luc and Pollefeys, Marc},
	booktitle = eccv,
	Title = {Motion Capture of Hands in Action using Discriminative Salient Points},
    organization={IEEE},
	Year = {2012}}

@article{wang_sig09,
	Author = {Robert Y. Wang and Jovan Popovic},
	Journal = SIG,
	Title = {Real Time Hand Tracking with a Colored Glove},
	Year = {2009}}

@conference{oiko_bmvc11,
	Author = {Oikonomidis, Iason and Kyriazis, Nikolaos and Argyros, Antonis A},
	Booktitle = {British Machine Vision Conference},
	Title = {Efficient model-based {3D} tracking of hand articulation using kinect},
    organization = {BMVA},
	Year = {2011}}

@conference{oiko_cvpr14,
    title={Evolutionary Quasi-random Search for Hand Articulations Tracking},
    author={Oikonomidis, Iason and Lourakis, Manolis IA and Argyros, Antonis A},
    booktitle=cvpr,
    organization={IEEE},
    year={2014}}

@conference{oiko_cvpr12,
	Author = {Oikonomidis, Iasonas and Kyriazis, Nikolaos and Argyros, Antonis A},
	Booktitle = cvpr,
    organization={IEEE},
	Title = {Tracking the articulated motion of two strongly interacting hands},
	Year = {2012}}

@conference{oiko_iccv11,
	Author = {Oikonomidis, Iasonas and Kyriazis, Nikolaos and Argyros, Antonis A},
	Booktitle = ICCV,
	Title = {Full {DOF} tracking of a hand interacting with an object by modeling occlusions and physical constraints},
	organization={IEEE},
    Year = {2011}}

@conference{schroeder_icra14,
	Author = {Schr{\"o}der, Matthias and Maycock, Jonathan and Ritter, Helge and Botsch, Mario},
	Title = {Real-Time Hand Tracking using Synergistic Inverse Kinematics},
	Booktitle = ICRA,
    organization={IEEE},
	Year = {2014}}

% This is the workshop paper version of schroeder_icra14
@conference{schroeder_icra13,
	Author = {Schr{\"o}der, Matthias and Maycock, Jonathan and Ritter, Helge and Botsch, Mario},
	Booktitle = ICRA,
	Title = {Analysis of Hand Synergies for Inverse Kinematics Hand Tracking},
    organization={IEEE},
	Year = {2013}}

@conference{schroeder_12,
	Author = {Schr{\"o}der, Matthias and Elbrechter, Christof and Maycock, Jonathan and Haschke, Robert and Botsch, Mario and Ritter, Helge},
	Booktitle = {International Conference on Humanoid Robots (Humanoids)},
	Title = {Real-Time Hand Tracking with a Color Glove for the Actuation of Anthropomorphic Robot Hands},
	Year = {2012}}

@article{wei_siga12,
	Author = {Wei, Xiaolin and Zhang, Peizhao and Chai, Jinxiang},
	Journal = SIGA,
	Title = {Accurate Realtime Full-body Motion Capture Using a Single Depth Camera},
	Year = {2012}}

@conference{girshick_iccv11,
	Author = {Girshick, Ross and Shotton, Jamie and Kohli, Pushmeet and Criminisi, Antonio and Fitzgibbon, Andrew},
	booktitle = ICCV,
    organization={IEEE},
	Title = {Efficient regression of general-activity human poses from depth images},
	Year = {2011}}

@conference{shotton_cvpr11,
	Author = {Shotton, J. and Fitzgibbon, A. and Cook, M. and Sharp, T. and Finocchio, M. and Moore, R. and Kipman, A. and Blake, A.},
	Booktitle = cvpr,
    organization={IEEE},
	Title = {Real-time human pose recognition in parts from single depth images},
    Year = {2011}}

@article{vlasic_sig08,
	Author = {Daniel Vlasic and Ilya Baran and Wojciech Matusik and Jovan Popovi\'{c}},
	Journal = sig,
	Title = {Articulated mesh animation from multi-view silhouettes},
	Year = {2008}}

@article{hasler_eg09,
	Author = {N. Hasler and C. Stoll and M. Sunkel and B. Rosenhahn and H.-P. Seidel},
	Journal = eg,
	Title = {A Statistical Model of Human Pose and Body Shape},
	Year = {2009}}


@article{teran_tvcg05,
	Author = {Teran, Joseph and Sifakis, Eftychios and Blemker, Silvia S. and Ng-Thow-Hing, Victor and Lau, Cynthia and Fedkiw, Ronald},
	Journal = tvcg,
	Title = {Creating and Simulating Skeletal Muscle from the Visible Human Data Set},
	Year = {2005}}

@inproceedings{thalmann_gi88,
	Author = {Magnenat-Thalmann, N. and Laperri\`{e}re, R. and Thalmann, D.},
	Title = {Joint-dependent local deformations for hand animation and object grasping},
	Booktitle = gi,
	Year = {1988}}

@article{kavan_sig08,
	Author = {Kavan, Ladislav and Collins, Steven and \v{Z}\'{a}ra, Ji\v{r}\'{\i} and O'Sullivan, Carol},
	Title = {Geometric skinning with approximate dual quaternion blending},
	Journal = sig,
	Year = {2008}}

@article{erol_cviu07,
	Author = {Erol, Ali and Bebis, George and Nicolescu, Mircea and Boyle, Richard D and Twombly, Xander},
	Title = {{Vision Based Hand Pose Estimation: A Review}},
	Journal = cviu,
	Year = {2007}}

@article{wang_uist11,
	Author = {Robert Y. Wang and Sylvain Paris and Jovan Popovic},
	Title = {{6D} Hands: Markerless Hand Tracking for Computer Aided Design},
	Journal = uist,
	Year = {2011}}

@article{melax_13,
	Author = {Melax, Stan and Keselman, Leonid and Orsten, Sterling},
	Journal = {Proceedings of the ACM SIGGRAPH Symposium on Interactive 3D Graphics and Games},
	Title = {Dynamics Based {3D} Skeletal Hand Tracking},
	Year = {2013}}

@conference{zhao_sca12,
	Author = {Zhao, Wenping and Chai, Jinxiang and Xu, Ying-Qing},
	Title = {Combining Marker Based Mocap and {RGBD} Camera for Acquiring High-fidelity Hand Motion Data},
	Booktitle = sca,
	Year = {2012}}
	
@inproceedings{kyriazis_cvpr14,
	title = {Scalable 3D Tracking of Multiple Interacting Objects},
	author = {Kyriazis, N. and Argyros, A.},
	booktitle = cvpr,
	year = {2014}}
	
@inproceedings{Hoyet_i3d12,
    author = {Hoyet, Ludovic and Ryall, Kenneth and McDonnell, Rachel and O'Sullivan, Carol},
    title = {Sleight of Hand: Perception of Finger Motion from Reduced Marker Sets},
    booktitle = i3d,
    year = {2012}}
	
@inproceedings {Taylor_cvpr14,
	author       = {Jonathan Taylor and Richard Stebbing and Varun Ramakrishna and Cem Keskin and
	                  Jamie Shotton and Shahram Izadi and Aaron Hertzmann and Andrew Fitzgibbon},
    title        = {User-Specific Hand Modeling from Monocular Depth Sequences},
	booktitle    = cvpr,
	year         = {2014}}
    
@article{Bouaziz_eg2014,
	 author = {Bouaziz, Sofien and Tagliasacchi, Andrea and Pauly, Mark},
	 title = {Dynamic {2D/3D} Registration},
	 journal = {Eurographics Tutorial},
	 year = {2014}}
	 
@article{Bouaziz_sgp12,
	author = {Bouaziz, Sofien and Deuss, Mario and Schwartzburg, Yuliy and Weise, Thibaut and Pauly, Mark},
	title = {Shape-Up: Shaping Discrete Geometry with Projections},
	journal = sgp,
	year = {2012}} 
	 