@string{cgf = {Computer Graphics Forum (CGF)}}
@string{cviu = {Computer Vision Image Understanding}}
@string{CVPR = {Proc. Computer Vision and Pattern Recognition~(CVPR)}}
@string{iccv = {Proc. Intl. Conf. on Computer Vision~(ICCV)}}
@string{icra = {Proc. Intl. Conf. on Robotics and Automation~(ICRA)}}
@string{eccv = {Proc. European Conf. on Computer Vision~(ECCV)}}
@string{ijcv = {Intl. Journal of Computer Vision~(IJCV)}}
@string{PAMI = {Pattern Analysis and Machine Intelligence~(PAMI)}}
@string{SGP = {Computer Graphics Forum (Proc. Symposium on Geometry Processing)}}
@string{sgp_pre = {Proc. Symposium on Geometry Processing~(SGP)}}
@string{sca = {Proc. Symposium on Computer Animation~(SCA)}}
@string{SIG = {ACM Transactions on Graphics (Proc.~SIGGRAPH)}}
@string{sig_pre_03 = {Proc. ACM SIGGRAPH}}
@string{sig_pre_93 = {Computer Graphics (Proc.~SIGGRAPH)}}
@string{siga = {ACM Transactions on Graphics (Proc. SIGGRAPH Asia)}}
@string{tit = {IEEE Transactions Information Theory}}
@string{tog = {ACM Transactions on Graphics~(TOG)}}
@string{tsp = {IEEE Transactions Signal Processing}}
@string{tvcg = {Transactions on Visualization and Compute Graphics~(TVCG)}}
@string{uist = {Proc. ACM User Interface Software and Technology}}
@string{EG = {Computer Graphics Forum (Proc. EuroGraphics)}}
@string{nips = {Proc. Neural Information Processing Systems~(NIPS)}}
@string{ivc = {Proc. Image and Vision Computing}}
@string{i3d = {Proc. ACM SIGGRAPH Symposium on Interactive 3D Graphics and Games~(i3D)}}
@string{chi = {Proc. ACM Special Interest Group on Computer-Human Interaction~(CHI)}}
@string{bmvc = {Proc. British Machine Vision Conference~(BMVC)}}
@string{threedv = {International Conference on 3D Vision~(3DV)}}

@conference{edoardo,
    title={Low-Dimensionality Calibration through Local Anisotropic for Scaling for Robust Hand Model Personalization},
    author={Anonymous},
    booktitle={\textbf{(currently under review, see additional material)}},
    year={2017}}

@incollection{pons2011model,
	title={Model-based pose estimation},
	author={Gerard Pons-Moll and Bodo Rosenhahn},
	booktitle={Visual analysis of humans: Looking at People},
	year={2011},
	publisher={Springer}}

@book{hunt1978kinematic,
	title={Kinematic geometry of mechanisms},
	author={Hunt, Kenneth Henderson},
	year={1978},
	publisher={Oxford University Press, USA}}

@book{optimal,
    title={Optimal filtering},
    author={Brian Anderson and John Moore},
    publisher={Englewood Cliffs},
    year={1979}}

@book{petersen2008matrix,
    title={The matrix cookbook},
    author={Petersen, Kaare Brandt and Pedersen, Michael Syskind and others},
    publisher={Technical University of Denmark},
    year={2008}}

@book{facs,
    title={{Facial Action Coding System}},
    author={Ekman, Paul and Friesen, Wallace V},
    year={1977},
    publisher={Consulting Psychologists Press, Stanford University, Palo Alto}}

@book{welch1995introduction,
    title={An introduction to the Kalman filter},
    author={Welch, Greg and Bishop, Gary}, 
    publisher={Technical report},
    year={1995}}
    
@book{maybeck1979stochastic,
    title={Stochastic models, estimation, and control},
    author={Maybeck, Peter S},
    year={1979},
    publisher={Academic press}}
    
@book{quarteroni2010numerical,
	title={Numerical mathematics},
	author={Quarteroni, Alfio and Sacco, Riccardo and Saleri, Fausto},
	year={2010},
	publisher={Springer Science \& Business Media}}
    
@book{nocedal2006numerical,
	title={Numerical optimization},
	author={Nocedal, Jorge and Wright, Stephen},
	year={2006},
	publisher={Springer Science \& Business Media}}

@book{botsch2010polygon,
	title={Polygon mesh processing},
	author={Botsch, Mario and Kobbelt, Leif and Pauly, Mark and Alliez, Pierre and L{\'e}vy, Bruno},
	year={2010},
	publisher={CRC press}}

@inproceedings{strasdat2012visual,
    title={Visual SLAM: why filter?},
    author={Strasdat, Hauke and Montiel, Jos{\'e} MM and Davison, Andrew J},
    booktitle={Image and Vision Computing},
    year={2012}}

@inproceedings{bellaire1995new,
    title={New nonlinear iterated filter with applications to target tracking},
    author={Bellaire, R Louis and Kamen, Edward W and Zabin, Serena M},
    booktitle={SPIE Intl. Symposium on Optical Science, Engineering, and Instrumentation},
    year={1995}}
    
@inproceedings{bell1993iterated,
  title={The iterated Kalman filter update as a Gauss-Newton method},
  author={Bell, Bradley M and Cathey, Frederick W},
  booktitle={IEEE Transactions on Automatic Control},
  year={1993}}

@inproceedings{skoglund2015extended,
    title={Extended Kalman filter modifications based on an optimization view point},
    author={Skoglund, Martin A and Hendeby, Gustaf and Axehill, Daniel},
    booktitle={Intl. Conference on Information Fusion (Fusion)},
    year={2015}}

@conference{yuan2017bighand,
    title={BigHand2M Benchmark: Hand Pose Dataset and State of the Art Analysis},
    author={Yuan, Shanxin and Ye, Qi and Stenger, Bjorn and Jain, Siddhand and Kim, Tae-Kyun},
    booktitle={arXiv preprint arXiv:1704.02612},
    year={2017}}

@conference{blanz1999morphable,
    title={A morphable model for the synthesis of 3D faces},
    author={Blanz, Volker and Vetter, Thomas},
    booktitle=sig_pre_03,
    year={1999}}

@conference{kinfu,
    title={KinectFusion: Real-time 3D reconstruction and interaction using a moving depth camera},
    author={Izadi, Shahram and Kim, David and Hilliges, Otmar and Molyneaux, David and Newcombe, Richard and Kohli, Pushmeet and Shotton, Jamie and Hodges, Steve and Freeman, Dustin and Davison, Andrew and others},
    booktitle=uist,
    year={2011}}

@conference{li_sig13,
	Author = {Hao Li and Jihun Yu and Yuting Ye and Chris Bregler},
	booktitle = sig,
	Title = {Realtime Facial Animation with On-the-fly Correctives},
	Year = {2013}}

@conference{weise2011realtime,
    title={Realtime performance-based facial animation},
    author={Weise, Thibaut and Bouaziz, Sofien and Li, Hao and Pauly, Mark},
    booktitle=sig,
    year={2011}}

@conference{valentin2016learning,
    title={Learning to navigate the energy landscape},
    author={Valentin, Julien and Dai, Angela and Nie{\ss}ner, Matthias and Kohli, Pushmeet and Torr, Philip and Izadi, Shahram and Keskin, Cem},
    booktitle=threedv,
    year={2016}}

@conference{htrack,
    author = {Andrea Tagliasacchi and Matthias Schr{\"o}der and Anastasia Tkach and Sofien Bouaziz and Mario Botsch and Mark Pauly},
    title = {Robust Articulated-ICP for Real-Time Hand Tracking},
    booktitle = sgp,
    year = {2015}}

@conference{havlik2015performance,
    title={Performance evaluation of iterated extended Kalman filter with variable step-length},
    author={Havl{\'\i}k, Jind{\v{r}}ich and Straka, Ond{\v{r}}ej},
    booktitle={Journal of Physics: Conference Series},
    year={2015}}

@conference{tkach2016sphere,
    title={Sphere-meshes for real-time hand modeling and tracking},
    author={Tkach, Anastasia and Pauly, Mark and Tagliasacchi, Andrea},
    booktitle=siga,
    year={2016}}

@conference{joseph2016fits,
    title={Fits like a glove: Rapid and reliable hand shape personalization},
    author={Joseph Tan, David and Cashman, Thomas and Taylor, Jonathan and Fitzgibbon, Andrew and Tarlow, Daniel and Khamis, Sameh and Izadi, Shahram and Shotton, Jamie},
    booktitle=cvpr,
    year={2016}}

@conference{tang2015opening,
    title={Opening the black box: Hierarchical sampling optimization for estimating human hand pose},
    author={Tang, Danhang and Taylor, Jonathan and Kohli, Pushmeet and Keskin, Cem and Kim, Tae-Kyun and Shotton, Jamie},
    booktitle=iccv,
    year={2015}}

@conference{jacobson2011stretchable,
    title={Stretchable and twistable bones for skeletal shape deformation},
    author={Alec Jacobson and Olga Sorkine},
    booktitle=tog,
    year={2011}}

@conference{rhee2006hand,
    title={Human hand modeling from surface anatomy},
    author={Rhee, Taehyun and Neumann, Ulrich and Lewis, John P},
    booktitle=i3d,
    year={2006}}

@conference{albrecht2003anatomy,
    title={Construction and animation of anatomically based human hand models},
    author={Albrecht, Irene and Haber, J{\"o}rg and Seidel, Hans-Peter},
    booktitle=sca,
    year={2003}}

@conference{oberweger2015hands,
    title={Hands deep in deep learning for hand pose estimation},
    author={Oberweger, Markus and Wohlhart, Paul and Lepetit, Vincent},
    booktitle={Proc. Computer Vision Winter Workshop},
    year={2015}}

@conference{sridhar2014anisotropic,
    title={Real-time Hand Tracking Using a Sum of Anisotropic Gaussians Model},
    author={Sridhar, Srinath and Rhodin, Helge and Seidel, Hans-Peter and Oulasvirta, Antti and Theobalt, Christian},
    booktitle={Proc. International Conference on 3D Vision (3DV)},
    year={2014}}

@conference{melax2013dynamics,
    title={Dynamics based 3D skeletal hand tracking},
    author={Melax, Stan and Keselman, Leonid and Orsten, Sterling},
    booktitle={Proc. of Graphics Interface},
    year={2013}}

@conference{oiko2011hand,
	Author = {Oikonomidis, Iason and Kyriazis, Nikolaos and Argyros, Antonis A},
	booktitle = bmvc,
	Title = {Efficient model-based {3D} tracking of hand articulation using kinect},
	Year = {2011}}

@conference{rehg1994tracking,
    author = {Rehg, James M. and Kanade, Takeo},
    title = {Visual Tracking of High DOF Articulated Structures: An Application to Human Hand Tracking},
    booktitle = eccv,
    year = {1994}}

@conference{supancic2015depth,
    title={Depth-based hand pose estimation: data, methods, and challenges},
    author={Supancic, James S and Rogez, Gr{\'e}gory and Yang, Yi and Shotton, Jamie and Ramanan, Deva},
    booktitle=iccv,
    year={2015}}

@conference{wang2009colorglove,
	Author = {Robert Y. Wang and Jovan Popovic},
	booktitle = SIG,
	Title = {Real Time Hand Tracking with a Colored Glove},
	Year = {2009}}

@conference{kim2012digits,
	Author = {Kim, David and Hilliges, Otmar and Izadi, Shahram and Butler, Alex D and Chen, Jiawen and Oikonomidis, Iason and Olivier, Patrick},
	booktitle = uist,
	Title = {Digits: freehand 3D interactions anywhere using a wrist-worn gloveless sensor},
	Year = {2012}}

@conference{sridhar2013multicam,
	Author = {Sridhar, Srinath and Oulasvirta, Antti and Theobalt, Christian},
	Title = {Interactive Markerless Articulated Hand Motion Tracking using {RGB} and Depth Data},
	Booktitle = iccv,
	Year = {2013}}

@conference{bogo2015fullbody,
    title = {Detailed Full-Body Reconstructions of Moving People from Monocular {RGB-D} Sequences},
    author = {Bogo, Federica and Black, Michael J. and Loper, Matthew and Romero, Javier},
    booktitle = iccv,
    year = {2015}}

@conference{tagliasacchi2015robust,
    title={Robust Articulated-ICP for Real-Time Hand Tracking},
    author={Tagliasacchi, Andrea and Schroeder, Matthias and Tkach, Anastasia and Bouaziz, Sofien and Botsch, Mario and Pauly, Mark},
    booktitle=sgp,
    year={2015}}

@conference{tompson2014real,
    title={Real-time continuous pose recovery of human hands using convolutional networks},
    author={Tompson, Jonathan and Stein, Murphy and Lecun, Yann and Perlin, Ken},
    booktitle=tog,
    year={2014}}

@conference{oberweger2015feedback,
    author = {Markus Oberweger and Paul Wohlhart and Vincent Lepetit},
    title = {{Training a Feedback Loop for Hand Pose Estimation}},
    booktitle = iccv,
    year = {2015}}

@conference{zhao2012marker,
	Author = {Zhao, Wenping and Chai, Jinxiang and Xu, Ying-Qing},
	Booktitle = sca,
	Title = {Combining Marker Based Mocap and RGB-D Camera for Acquiring High-fidelity Hand Motion Data},
	Year = {2012}}

@conference{marcard2017inertial,
    title = {Sparse Inertial Poser: Automatic 3D Human Pose Estimation from Sparse IMUs},
    author = {von Marcard, Timo and Rosenhahn, Bodo and Black, Michael and Pons-Moll, Gerard},
    journal = eg,
    year = {2017}}

@conference{buss2004introduction,
	title={Introduction to inverse kinematics with jacobian transpose, pseudoinverse and damped least squares methods},
	author={Buss, Samuel R},
	booktitle={IEEE Journal of Robotics and Automation},
	year={2004}}

@conference{medJoint,
	title={The axes of rotation of the thumb carpometacarpal joint},
	author={Hollister, Anne and Buford, William L and Myers, Loyd M and Giurintano, David J and Novick, Andrew},
	booktitle={Journal of Orthopaedic Research},
	year={1992}}

@conference{tan2016fits,
	title={Fits like a glove: Rapid and reliable hand shape personalization},
	author={Tan, David J. and Cashman, Thomas and Taylor, Jonathan and Fitzgibbon, Andrew and Tarlow, Daniel and Khamis, Sameh and Izadi, Shahram and Shotton, Jamie},
	booktitle=cvpr,
	year={2016}}

@conference{taylor2016joint,
	title={Efficient and precise interactive hand tracking through joint, continuous optimization of pose and correspondences},
	author={Taylor, Jonathan and Bordeaux, Lucas and Cashman, Thomas and Corish, Bob and Keskin, Cem and Sharp, Toby and Soto, Eduardo and Sweeney, David and Valentin, Julien and Luff, Benjamin and others},
	booktitle=sig,
	year={2016}}
    
@conference{Wang:2009:RTH,
	title={{Real-time hand-tracking with a color glove}},
	author={Robert Y. Wang and Jovan Popovi{\'c}},
	booktitle=sig,
	year={2009}}
    
@conference{keskin2012hand,
	title={Hand pose estimation and hand shape classification using multi-layered randomized decision forests},
	author={Keskin, Cem and K{\i}ra{\c{c}}, Furkan and Kara, Yunus Emre and Akarun, Lale},
	booktitle=eccv,
	year={2012}}

@conference{sridhar2015fast,
    title={Fast and Robust Hand Tracking Using Detection-Guided Optimization},
    author={Sridhar, Srinath and Mueller, Franziska and Oulasvirta, Antti and Theobalt, Christian},
    booktitle=cvpr,
    year={2015}}

@conference{elkoura2003handrix,
	title={Handrix: animating the human hand},
	author={ElKoura, George and Singh, Karan},
	booktitle=sca,
	year={2003}}

@conference{dipietro2008survey,
	title={A survey of glove-based systems and their applications},
	author={Laura Dipietro and Angelo Sabatini and Paolo Dario},
	booktitle={IEEE Transactions on Systems, Man, and Cybernetics},
	year={2008}}

@conference{welch2002motion,
	title={Motion tracking survey},
	author={Welch, Greg and Foxlin, Eric},
	booktitle={{IEEE Computer Graphics and Applications}},
	year={2002}}

@conference{ballan2012multicam,
	author = "Luca Ballan and Aparna Taneja and Juergen Gall and Luc Van Gool and Marc Pollefeys",
	title = "Motion Capture of Hands in Action using Discriminative Salient Points",
	booktitle = eccv,
	year = "2012"}

@conference{erol2007vision,
	title={Vision-based hand pose estimation: A review},
	author={Erol, Ali and Bebis, George and Nicolescu, Mircea and Boyle, Richard D and Twombly, Xander},
	booktitle={Computer Vision and Image Understanding},
	year={2007}}

@conference{buss2004introduction,
	title={Introduction to inverse kinematics with jacobian transpose, pseudoinverse and damped least squares methods},
	author={Buss, Samuel R},
	booktitle={IEEE Journal of Robotics and Automation},
	year={2004}}

@conference{chan1995weighted,
	title={A weighted least-norm solution based scheme for avoiding joint limits for redundant joint manipulators},
	author={Chan, Tan Fung and Dubey, Rajiv V},
	booktitle={IEEE Transactions on Robotics and Automation},
	year={1995}}
    
@conference{bloomenthal1991convolution,
	title={Convolution surfaces},
	author={Bloomenthal, Jules and Shoemake, Ken},
	booktitle={ACM SIGGRAPH Computer Graphics},
	year={1991}}

@conference{bouaziz2013online,
	title={Online modeling for realtime facial animation},
	author={Bouaziz, Sofien and Wang, Yangang and Pauly, Mark},
	booktitle=sig,
	year={2013}}

@conference{khamis2015learning,
	title={Learning an efficient model of hand shape variation from depth images},
	author={Khamis, Sameh and Taylor, Jonathan and Shotton, Jamie and Keskin, Cem and Izadi, Shahram and Fitzgibbon, Andrew},
	booktitle=cvpr,
	year={2015}}

@conference{xu2012mems,
	title={MEMS accelerometer based nonspecific-user hand gesture recognition},
	author={Xu, Ruize and Zhou, Shengli and Li, Wen J},
	booktitle={IEEE sensors journal},
	year={2012}}
    
@conference{rehg1994visual,
	title={Visual tracking of high dof articulated structures: an application to human hand tracking},
	author={Rehg, James M and Kanade, Takeo},
	booktitle=eccv,
	year={1994}}
    
@conference{erol2007vision,
	title={Vision-based hand pose estimation: A review},
	author={Erol, Ali and Bebis, George and Nicolescu, Mircea and Boyle, Richard D and Twombly, Xander},
	booktitle={Computer Vision and Image Understanding},
	year={2007}}

@conference{sharp2015accurate,
	title={Accurate, robust, and flexible real-time hand tracking},
	author={Sharp, Toby and Keskin, Cem and Robertson, Duncan and Taylor, Jonathan and Shotton, Jamie and Kim, David and Rhemann, Christoph and Leichter, Ido and Vinnikov, Alon and Wei, Yichen and others},
	booktitle=chi,
	year={2015}}

@conference{Fleishman_2015,
	author = {Fleishman, Shachar and Kliger, Mark and Lerner, Alon and Kutliroff, Gershom},
	title = {ICPIK: Inverse Kinematics Based Articulated-ICP},
	booktitle = {Proc. CVPR Workshops},
	year = {2015}}

@conference{taylor2014user,
	title={User-specific hand modeling from monocular depth sequences},
	author={Taylor, Jonathan and Stebbing, Richard and Ramakrishna, Varun and Keskin, Cem and Shotton, Jamie and Izadi, Shahram and Hertzmann, Aaron and Fitzgibbon, Andrew},
	booktitle=cvpr,
	year={2014}}

@conference{makris2015model,
	title={Model-based 3D hand tracking with on-line hand shape adaptation},
	author={Makris, Alexandros and Argyros, A},
	booktitle=bmvc,
	year={2015}}

@conference {Kobbelt03,
	journal = cgf,
	title = {{Freeform Shape Representations for Efficient Geometry Processing}},
	author = {Kobbelt, Leif},
	year = {2003}}

@conference{hubert2012convolution,
	title={Convolution surfaces based on polygonal curve skeletons},
	author={Hubert, Evelyne and Cani, Marie-Paule},
	booktitle={Journal of Symbolic Computation},
	year={2012}}

@conference{qian2014realtime,
	title={Realtime and robust hand tracking from depth},
	author={Qian, Chen and Sun, Xiao and Wei, Yichen and Tang, Xiaoou and Sun, Jian},
	booktitle=cvpr,
	year={2014}}
    
@conference{diogo2012evolution,
	title={Evolution and homologies of primate and modern human hand and forearm muscles, with notes on thumb movements and tool use},
	author={Diogo, Rui and Richmond, Brian G and Wood, Bernard},
	booktitle={Journal of human evolution},
	year={2012}}

@conference{transtrum2012improvements,
	title={Improvements to the Levenberg-Marquardt algorithm for nonlinear least-squares minimization},
	author={Transtrum, Mark K and Sethna, James P},
	booktitle={arXiv preprint arXiv:1201.5885},
	year={2012}}

@conference{bogo2015detailed,
	title={Detailed full-body reconstructions of moving people from monocular RGB-D sequences},
	author={Bogo, Federica and Black, Michael J and Loper, Matthew and Romero, Javier},
	booktitle=iccv,
	year={2015}}

@conference{cao2015facial,
    author = {Cao, Chen and Bradley, Derek and Zhou, Kun and Beeler, Thabo},
    title = {Real-time high-fidelity facial performance capture},
    year = {2015},
    booktitle = sig} 
    
@conference{cao2016real,
	title={Real-time facial animation with image-based dynamic avatars},
	author={Cao, Chen and Wu, Hongzhi and Weng, Yanlin and Shao, Tianjia and Zhou, Kun},
	booktitle=sig,
	year={2016}}

@conference{albrecht2003construction,
	title={Construction and animation of anatomically based human hand models},
	author={Albrecht, Irene and Haber, J{\"o}rg and Seidel, Hans-Peter},
	booktitle=sca,
	year={2003}}

@conference{rhee2006human,
	title={Human hand modeling from surface anatomy},
	author={Rhee, Taehyun and Neumann, Ulrich and Lewis, John P},
	booktitle={Proc. Symposium on Interactive 3D graphics and games},
	year={2006}}

@conference{delagorce2011model,
	title={Model-based {3D} hand pose estimation from monocular video},
	author={de La Gorce, Martin and Fleet, David J and Paragios, Nikos},
	booktitle=pami,
	year={2011}}

@conference{zou2013coslam,
	title={COSLAM: Collaborative visual slam in dynamic environments},
	author={Zou, Danping and Tan, Ping},
	booktitle=pami,
	year={2013}}

